2416 3802
446 154 688 221 -101-

59 325 148 379 canat
179 325 209 379 et
245 324 308 380 toto
345 335 470 399 corpore
502 318 634 380 maculas
667 318 812 380 emendat.

60 405 161 468 oleum
176 405 392 487 amygdalinum
403 426 439 468 cx
452 405 540 467 melle
554 406 698 468 inlinitur.
722 407 813 488 adeps
841 419 928 484 2286.
948 423 1035 486 aomo.

59 495 242 576 gallinaceus
269 513 339 557 cum
365 513 438 576 cepa
466 498 614 557 contritus
641 497 812 576 imponitur,

60 601 171 646 naevos
197 584 276 648 tollit
302 585 397 646 farina
425 602 533 646 avenae
561 603 598 645 ex
622 593 706 646 aceto
729 594 813 647 cocta
841 598 945 663 22137.

30 681 93 735 aet
116 675 263 754 imposita.

128 839 306 898 mnu.
328 841 383 910 ad
404 853 576 897 verrucae.

86 976 93 981 ·
129 956 278 1030 Verrucae
302 957 458 1020 abolentur
481 961 568 1020 urina
590 960 708 1021 recenti
731 960 812 1020 canis
839 959 1039 1032 30,81(omfflr)

59 1064 132 1108 cum
164 1064 219 1108 suo
239 1045 314 1108 luto
345 1047 437 1108 inlita.
486 1048 549 1109 limi
581 1050 680 1109 canini
711 1050 812 1110 cinere
839 1050 876 1108 el).
903 1050 964 1119 (om.
978 1050 1003 1120 r)

60 1154 132 1198 cum
155 1152 224 1197 cera
252 1135 297 1214 [et
320 1135 405 1216 cepa]
434 1139 582 1217 imposito.
619 1138 688 1198 iimo
713 1140 813 1198 ovium
874 1139 911 1194 ao.

58 1224 155 1287 inlito.
192 1225 336 1305 sanguine
363 1226 495 1287 murium
517 1218 645 1287 recenti.
683 1226 813 1287 erinacei
839 1227 875 1282 ib.
911 1227 949 1283 ic.

20 1330 47 1372 m
60 1313 138 1375 felle.
167 1315 311 1393 sanguine
325 1313 460 1375 lacertae.
488 1314 558 1375 iimo
575 1313 729 1394 gallinacei
743 1332 814 1376 cum·
839 1314 875 1370 ib.
912 1315 949 1370 ib.

60 1401 127 1464 oleo
155 1410 186 1464 et
211 1404 300 1465 nitro.
344 1403 505 1464 efficaciter
536 1402 683 1465 tolluntur
705 1400 812 1464 ‘ocimo
840 1413 946 1476 copae.

61 1510 131 1554 cum
149 1498 315 1554 atramento
328 1493 480 1555 autoricio.
508 1495 725 1554 inmaturarum
742 1493 812 1555 iico-
840 1501 946 1566 23,118.

10 1641 13 1646 .
60 1596 130 1643 rum
165 1581 241 1644 laete
274 1599 342 1642 cum
379 1583 505 1661 axungia
536 1583 636 1644 mixto.
683 1584 813 1662 capitum
841 1591 945 1656 32128.

60 1686 217 1732 menarum
249 1671 350 1731 cinere
383 1688 452 1731 cum
484 1669 540 1731 alio
578 1672 658 1732 trito.
710 1673 812 1733 cinere
841 1681 945 1746 28222.

29 1757 124 1819 cumi
160 1755 277 1819 vitulini
308 1775 345 1818 ex
377 1766 469 1820 aceto.
515 1761 591 1821 asini
623 1761 712 1821 urina
743 1778 812 1822 cum
875 1760 913 1816 ib·

62 1864 118 1908 auo
141 1843 214 1908 luto.

127 2028 235 2086 XXX.
258 2028 313 2085 Ad
334 2028 461 2087 livores
484 2033 519 2088 ot
540 2033 704 2088 tumores.

127 2145 254 2209 Recenti
280 2140 366 2211 lirori
389 2157 493 2212 cortex
514 2148 639 2229 raphani
666 2167 703 2209 ex
725 2118 812 2209 melle
840 2158 928 2223 2024.
963 2152 964 2156 ’

24 2305 28 2315 ,
62 2237 152 2298 tritus
179 2239 351 2317 imponitur.
392 2237 482 2300 alium
512 2246 614 2299 ustum
642 2239 748 2299 tritum
775 2255 812 2298 ex
840 2247 928 2310 copo.

62 2324 158 2386 melle.
190 2325 277 2387 holus
295 2329 399 2389 tritum
419 2327 547 2388 crudum
565 2344 620 2406 per
638 2344 679 2388 se.
713 2327 813 2406 apium
840 2336 927 2399 eope.
947 2335 1052 2400 acam.

132 2519 149 2568 3
164 2530 235 2584 cepa
248 2515 314 2585 (Pa,
330 2515 423 2571 Marc.
432 2532 464 2586 p.
475 2520 526 2570 236
542 2516 634 2584 excel:
653 2515 818 2584 comptior
833 2516 988 2585 (omenque
999 2515 1080 2572 occet

62 2585 99 2639 rb
115 2586 169 2640 eice
192 2602 257 2640 cnm
276 2588 353 2650 creta
372 2586 508 2642 contritus
527 2603 591 2642 cum
610 2601 687 2656 cepa>
697 2584 766 2656 imp.
791 2586 827 2654 cf.
845 2585 925 2652 iufra
942 2586 980 2640 ad
997 2602 1022 2640 o.
1042 2589 1078 2656 8).

95 2662 113 2712 4
126 2655 223 2712 Navoa
234 2658 284 2726 pai.
301 2659 307 2726 Ι
326 2659 407 2713 cocta
420 2659 450 2713 ct
466 2657 534 2728 imp.
549 2659 601 2712 db:
621 2658 717 2712 coctae
730 2656 864 2727 imposita
875 2672 901 2726 p.
948 2662 962 2711 ⁷
977 2656 1040 2712 luta
1051 2674 1077 2728 9.

96 2727 163 2783 liet
180 2743 249 2798 capa
266 2729 388 2798 (ceped)
405 2730 481 2798 pdb:
500 2744 551 2784 om.
568 2728 613 2785 Pl.
633 2727 707 2796 (fort.
726 2743 790 2783 cnm
809 2726 932 2784 ceraval
951 2744 1021 2798 cepa
1038 2729 1079 2783 oic

60 2813 94 2853 ae
107 2798 196 2854 dubia
213 2799 325 2855 lemicae
338 2801 485 2871 opposito).
502 2800 506 2868 Ι
525 2799 659 2870 imposito
672 2815 703 2868 p:
722 2801 764 2855 ·ta
777 2801 827 2856 db.
843 2799 847 2871 Ι
868 2796 963 2854 ovium
975 2800 1078 2870 poem

59 2867 156 2926 avium
183 2870 227 2925 rb.
296 2876 312 2925 9
335 2870 457 2926 murium
483 2872 537 2941 pel:
570 2870 681 2925 murino
704 2871 741 2926 rb
764 2871 842 2940 (Pl).
868 2871 873 2938 Ι
902 2870 1025 2927 erinacei
1046 2871 1078 2927 d:

58 2938 205 3010 irinaciip
226 2940 375 3011 (herinacii
392 2943 427 3011 b).
483 2948 517 2998 10
536 2960 600 2997 cum
619 2942 755 3012 sanguine
773 2944 805 3010 ci,
829 2942 858 2997 et
878 2941 1014 3012 sanguine
1032 2942 1077 2998 rb.

61 3010 66 3082 l
80 3011 221 3068 laceretae
247 3013 314 3082 (eici
328 3030 354 3083 p.
380 3015 385 3082 1
414 3013 565 3084 gallinacei
592 3011 652 3076 (cii
673 3014 702 3083 p)
726 3014 780 3083 pd:
808 3028 870 3068 -ceo
894 3014 931 3068 rb
946 3013 1024 3083 (Pl).

58 3088 93 3137 11
108 3081 261 3139 efficaciter
273 3085 326 3154 pb:
341 3083 463 3140 -cissime
476 3086 503 3141 cl.
521 3085 525 3157 Ι
545 3084 684 3141 tolluntur
697 3085 769 3154 prb:
788 3083 894 3139 tollunt
911 3085 937 3140 cl.
954 3088 959 3152 Ι
980 3083 1078 3141 Ocimo

57 3155 96 3210 rb
109 3153 195 3226 (Pl.):
222 3153 339 3239 (lpmino
358 3157 413 3226 br,
439 3157 486 3212 aed
508 3162 653 3225 auumque
670 3156 711 3211 cic
733 3156 832 3211 habent
850 3153 968 3225 cymino
987 3155 1078 3211 ocimo

58 3224 181 3295 (Cimino
195 3241 302 3282 ccccmo
316 3228 345 3298 d)
358 3229 406 3298 qd.
454 3233 487 3282 12
502 3227 635 3284 sutuneio
650 3228 711 3297 (aio)
724 3228 778 3296 poi:
798 3227 903 3281 sutorio
918 3228 942 3283 b.
959 3229 964 3296 Ι
979 3227 1078 3280 imma·

56 3299 187 3353 tutorum
203 3298 249 3353 rb.
305 3304 339 3353 14
357 3297 496 3354 minaeum
514 3300 563 3369 pai.
589 3300 594 3368 Ι
619 3297 742 3353 cinerem
759 3299 834 3368 pdrl
860 3297 950 3367 al(l)io
974 3297 1077 3367 paor:

57 3369 122 3426 oleo
145 3369 192 3426 rb.
257 3374 290 3424 15
310 3370 423 3426 vitulini
440 3371 482 3440 φά
495 3370 577 3440 (Pl.):
604 3368 690 3424 vituli
712 3370 759 3425 rb.
785 3372 789 3437 Ι
815 3367 886 3423 acini
908 3367 990 3422 urina
1013 3384 1078 3422 cum

57 3457 109 3498 cuo
127 3439 192 3496 luto
208 3441 262 3522 pri:
290 3441 412 3497 asinium
431 3440 529 3498 urinae
545 3441 638 3498 lluuto
657 3441 720 3512 <eici
742 3457 757 3497 r
785 3440 872 3511 icccc
883 3439 954 3494 tuto
968 3439 1097 3498 molan.

57 3513 94 3580 cs.
116 3510 162 3568 Pl.
180 3511 253 3567 aeni
272 3511 366 3570 minae
384 3513 478 3572 lutum
492 3531 549 3588 pro
569 3526 638 3574 cum
646 3513 846 3583 -c-lntot.
