2416 3802
477 154 698 216 „71-

76 314 169 376 buius
191 316 320 394 potionis
343 315 410 374 talis
434 332 499 374 csse
523 314 612 377 debet
634 325 668 378 ut
692 327 827 380 sumatur

77 421 95 464 a
118 405 227 465 ieiunis
251 405 302 482 qui
324 402 401 464 bene
426 407 618 465 concoxerim
641 414 672 467 et
694 425 748 485 per
772 426 825 468 nu·
912 468 915 474 .

76 511 196 554 merum
210 492 327 553 dicrum
341 494 423 572 anni,
447 491 561 554 adiecto
576 512 636 553 uno
655 495 703 555 die
723 498 748 555 si
762 496 826 556 dics

77 583 247 642 continuari
261 599 321 641 non
339 582 493 660 potuerint
510 589 634 661 propter
649 583 827 645 cruditatem

45 676 131 731 5aut
160 670 335 749 languorem
361 670 547 748 aliquamque
576 689 708 753 causam,
741 680 825 751 quot·

76 765 152 837 quot
168 760 332 819 intermissi
350 758 462 818 suerint
482 759 606 820 totidem
620 763 825 823 restituantur.

74 848 207 926 potionis
234 865 304 906 vcro
332 849 553 908 mensuracrit
580 855 613 908 ut
642 848 756 910 denarii
779 869 824 910 ar·

74 937 176 1016 gentei
207 936 324 1014 pondus
360 934 479 995 bibatur
510 954 547 996 ex
582 937 680 999 tribus
712 938 824 1018 cyathis

75 1041 170 1103 aquae
194 1023 285 1084 semel
307 1026 339 1084 in
363 1023 419 1084 die.

28 1123 60 1162 10
143 1111 236 1172 Radix
264 1114 432 1173 cucumeris
455 1115 576 1174 erratici
604 1122 746 1175 excocto
775 1134 823 1175 co·
852 1123 913 1186 20,4
933 1119 993 1187 (om.
1007 1121 1033 1189 r)

75 1202 179 1279 quaitur
206 1208 237 1261 et
263 1203 433 1281 imponitur.
480 1203 632 1280 mitigatur
664 1206 689 1262 si
722 1222 824 1264 secum
852 1211 948 1275 ratio
967 1209 1028 1276 (om.
1047 1210 1072 1277 r)

74 1288 181 1350 habeat
203 1291 229 1349 is
253 1291 304 1368 qui
327 1289 481 1350 curabitur
500 1288 606 1368 podem
629 1290 739 1370 leporis
758 1294 822 1353 vivo

77 1376 228 1438 abscisum

141 1466 273 1527 Peractis
300 1466 485 1546 singulorum
513 1467 717 1528 membrorum
740 1469 824 1529 malis

29 1565 59 1606 1⁵
74 1561 106 1615 et
132 1573 236 1616 eorum
263 1554 417 1635 remediis,
444 1573 519 1634 quiae
547 1558 698 1635 inproviso
727 1558 824 1618 solent

72 1640 210 1704 accidere
239 1662 451 1722 percurremus
479 1662 514 1704 eo
543 1645 647 1705 ordine
676 1664 735 1724 quo
764 1664 823 1706 una

71 1749 209 1811 quaeque
228 1751 277 1792 res
300 1735 493 1794 succurrerit.
530 1735 708 1812 incipiemus
730 1737 822 1812 igitur

72 1838 90 1880 a
113 1839 147 1881 re
170 1821 317 1900 podagrae
340 1823 483 1901 proxima.

233 2031 361 2105 Liber
396 2033 572 2135 tertius,

139 2179 166 2236 Ι.
198 2180 253 2235 Ad
279 2194 403 2236 nervos
434 2183 469 2237 aa
496 2180 669 2238 articulos.

139 2297 354 2377 Amphisbacna
373 2308 489 2359 mortua
513 2316 672 2359 nervorum
696 2299 818 2358 oiicnsis
846 2309 951 2372 30,110.

27 2400 56 2442 ao
70 2385 216 2464 alligatur.
253 2387 342 2466 adeps
365 2387 534 2448 vulturinus
558 2406 626 2447 cum
649 2386 716 2448 selle
741 2389 818 2447 cius·
882 2390 918 2444 ib.

143 2559 208 2611 aet
226 2574 277 2626 per
295 2556 354 2612 dieu
372 2560 402 2613 at
424 2574 474 2626 per
492 2575 567 2611 num.
586 2556 654 2611 dier.
678 2562 725 2612 etc.
744 2558 771 2612 d.
843 2555 1002 2626 4potarint
1020 2557 1046 2610 d.

69 2632 87 2681 5
115 2627 295 2697 aliquamque
322 2629 374 2697 qb:
409 2628 551 2698 aliamque
578 2629 604 2684 d.
709 2634 724 2681 7
753 2626 861 2682 denarii
886 2626 983 2696 earo:
1020 2626 1086 2680 seri·

68 2697 132 2767 puli
150 2699 195 2755 M.
220 2701 225 2764 1
250 2699 360 2769 argenti
384 2699 411 2754 d.
475 2704 509 2755 1o
530 2697 655 2753 erratici:
681 2697 817 2753 silvestris
838 2696 884 2752 Pl.
953 2703 986 2751 12
1007 2713 1085 2752 cura·

68 2768 147 2824 bitur
164 2773 330 2840 qe'vexatur
348 2770 367 2825 d
386 2769 544 2839 (vexabitur
561 2771 597 2839 b).
619 2772 624 2838 Ι
648 2768 713 2824 vivo
731 2770 810 2839 9(b):
829 2767 887 2824 vivi
905 2768 925 2823 d
943 2768 989 2836 (cf.
1006 2769 1084 2823 Piiu.

68 2840 178 2896 viventi
195 2839 303 2896 absciso
323 2840 404 2909 V1t1,
423 2839 543 2895 viventis
558 2839 654 2909 alii).
707 2846 740 2893 14
758 2841 829 2895 huuc
847 2840 914 2895 labri
933 2841 1087 2894 clausulam

67 2926 119 2965 orn.
135 2929 152 2964 r
168 2912 267 2977 (medio
282 2913 313 2965 tu
326 2916 403 2966 tectu
415 2912 494 2966 babet
507 2912 542 2980 b).
593 2916 625 2964 15
645 2910 788 2981 inproviso
807 2911 885 2981 adri:
908 2909 1085 2979 inprovised.

106 2988 139 3037 16
153 2999 347 3052 percurremus
361 2998 420 3052 eqo:
434 2980 620 3052 percurrimus
633 2983 686 3050 ab,
704 2997 754 3036 om.
770 2983 795 3037 d.
835 2987 868 3037 18
878 2987 944 3050 post
955 2980 1086 3051 proxima

67 3053 135 3108 buce
153 3055 198 3121 (cu
216 3055 404 3121 superioribus
421 3053 547 3122 repetitu)
565 3053 659 3106 subdit
675 3053 753 3123 9(b):
772 3052 863 3107 urtica
880 3052 950 3107 trita
964 3070 1027 3108 cum
1041 3068 1086 3107 ao·

68 3122 230 3178 lumborum
249 3125 307 3192 (cic)
330 3125 465 3194 sanguine
489 3122 648 3192 apponitur.
680 3123 777 3178 deiude
799 3124 869 3192 (uua
886 3128 995 3178 tautum
1013 3124 1086 3177 liuau

69 3197 170 3265 cumea)
184 3195 249 3263 fiuit
257 3195 380 3265 pacina,
390 3211 457 3264 pay.
472 3210 550 3248 uersa
563 3193 706 3262 Incipiunt
719 3195 780 3249 caP.
789 3193 857 3248 libn'
865 3215 912 3260 111,
925 3209 982 3249 uou
995 3195 1086 3248 cadem

67 3267 179 3337 occiduo
202 3282 289 3321 mauu
312 3267 384 3335 (licet
405 3267 514 3335 coaeva)
540 3266 658 3334 sarapta,
681 3281 737 3334 quo
754 3271 866 3335 uterque
886 3269 977 3318 temus
995 3265 1031 3331 (et
1047 3279 1086 3318 ae·

70 3355 157 3410 maa
176 3355 242 3409 cauas
255 3359 280 3409 a
297 3356 391 3422 urceo.
425 3355 493 3408 rou
511 3355 635 3423 capitulo
648 3353 725 3424 neu
742 3339 783 3408 ui
801 3353 907 3408 ceruus.
936 3352 972 3406 aa
985 3367 1085 3406 nervos
1158 3389 1160 3393 .

69 3428 101 3480 ct
121 3425 258 3480 articulos
283 3427 336 3494 (sic
359 3427 440 3480 ctiam
463 3426 500 3494 d).
573 3431 606 3479 19
626 3424 780 3480 Amfisbere
804 3442 835 3494 q,
861 3421 1092 3492 Amubisbered

69 3496 170 3566 (bena
187 3499 221 3566 r).
280 3503 316 3552 20
331 3496 400 3552 feiie
417 3498 468 3569 (sic
486 3497 571 3556 ctiam
591 3497 687 3556 Marc.
704 3513 736 3570 o.
752 3499 835 3568 aaut:
851 3495 958 3550 uentus
971 3488 1118 3545 mutari.
