2384 3796
476 29 720 121 -1524-

120 250 164 304 Pl.
260 261 404 317 XVIIII
434 260 484 316 Ite
505 271 684 331 papavere.

95 327 184 389 2⁰³6
261 379 362 460 Capita
393 381 459 440 eius
492 386 522 440 et
551 377 619 438 lolia
648 376 772 438 decocta
802 379 961 439 meconion
994 378 1095 439 faciunt

131 476 147 510 *
193 468 456 550 medicamentum,
479 474 583 528 contra
606 485 641 527 ea
659 467 795 546 corporis
813 468 884 528 vitia
908 485 986 546 quae
1008 465 1093 527 medio

193 559 292 637 rigore
326 556 455 618 sananda
486 563 565 617 sunt.
612 573 702 617 sucus
734 572 805 617 eum
837 573 963 617 rosaceo
996 557 1093 616 mixtus

193 645 327 707 dolorem
354 647 471 706 aurium
489 645 612 724 mitigat
648 643 718 706 lolia
740 643 863 705 decocta
880 652 913 705 et
930 662 1002 705 cnm
1025 660 1090 705 rosa·

193 753 247 796 ceo
265 738 336 797 trita
354 733 466 794 morbis
480 731 688 795 articularibus
703 735 813 812 optima
827 731 1007 795 inlinuntur.
1030 741 1108 812 asprat

193 824 288 884 loveri
309 825 340 884 in
364 841 422 903 qua
444 839 623 902 papaverum
647 823 743 901 capita
775 820 899 882 decocta
917 829 990 883 sunt
1007 819 1089 902 vigila

193 911 297 972 morbo
324 910 528 973 laborantibus
549 912 681 989 itemque
705 928 742 970 ex
769 910 883 989 epilora
910 909 1089 990 lippientibus

131 1007 146 1040 ³¹³
191 1000 323 1079 prodest.
360 1018 462 1059 semen
484 1001 590 1060 tritum
608 1017 677 1060 cum
695 1005 779 1060 aceto
798 1005 829 1059 et
851 996 940 1059 melle
959 1016 1021 1060 non
1041 1015 1088 1059 mo·

131 1096 146 1128 *
193 1088 289 1149 dicam
322 1087 507 1149 tumentibus
539 1105 627 1167 opem
658 1094 798 1166 praestat
841 1095 945 1148 cortex
974 1087 1087 1149 caulicu-

131 1185 147 1219 *
191 1175 290 1238 lorum
318 1184 462 1237 contusos
495 1184 525 1237 et
551 1174 691 1237 redactus
717 1178 749 1236 in
775 1175 932 1255 pulverem
963 1175 1088 1256 mellique
1098 1178 1113 1219 1⁰

192 1267 358 1345 permixtus
381 1265 509 1326 sordidis
532 1262 706 1326 vulneribus
729 1265 843 1326 utiliter
864 1265 1029 1345 inponitur

131 1363 147 1397 *
258 1353 313 1416 Est
330 1362 362 1415 et
380 1354 515 1416 silvestre
534 1353 643 1414 modici
666 1355 771 1433 capitis
794 1360 825 1414 et
844 1371 906 1414 nou
925 1355 968 1414 ita
986 1353 1098 1414 fruticis

194 1443 276 1526 elati,
309 1442 389 1521 quod
420 1445 496 1502 miro
524 1460 582 1503 usu
614 1440 814 1502 iaucibusin
847 1449 967 1503 tumore
996 1441 1103 1522 positis

85 1491 149 1631 {fs
145 1491 276 1618 719)
194 1538 344 1610 asperatas
372 1533 499 1592 arterias
529 1539 621 1591 sanat.
662 1531 695 1591 lit
725 1548 761 1591 er
790 1548 826 1590 eo
853 1529 1112 1592 medicamentum

100 1606 183 1703 (267)
194 1618 272 1698 quod
296 1617 404 1679 medici
426 1625 547 1680 auctore
571 1617 736 1698 Chrysippo
759 1618 915 1679 diacodion
939 1627 1055 1680 vocant

119 1820 175 1888 (52)
278 1813 399 1888 Papauer
419 1816 565 1891 restringit
586 1812 693 1888 quidem
710 1820 738 1870 et
759 1811 848 1888 replet
870 1821 899 1870 et
920 1822 964 1870 est
986 1813 1134 1871 sortissis

193 1915 283 1972 mum,
306 1908 334 1957 et
355 1900 453 1957 lortius
469 1899 542 1974 quod
559 1907 601 1956 est
615 1899 734 1973 nigrum.
773 1897 870 1954 borum
886 1899 1007 1955 omnium
1022 1909 1115 1956 sucu&

194 1985 281 2060 magis
310 1985 433 2060 egeritur
460 2000 541 2058 quam
569 1999 675 2042 carnes.
715 1980 860 2057 coquendo
888 1998 957 2058 ergo
981 1982 1100 2043 servabis

192 2069 231 2126 ita
252 2076 284 2125 ut
305 2086 367 2127 cum
386 2069 506 2126 volueris
528 2066 630 2143 aliquid
656 2066 806 2140 desiccare,
829 2082 895 2124 suco
918 2067 996 2142 prius
1017 2085 1100 2142 qaam

193 2152 350 2210 recentibus
365 2150 489 2210 carnibus
505 2153 599 2212 utaria
637 2168 697 2209 nam
720 2167 820 2225 genera
838 2167 1004 2226 papaverum
1018 2151 1098 2209 multa

193 2245 272 2308 sunt,
297 2244 326 2293 et
346 2237 463 2310 agrestia
479 2235 587 2311 quidem
603 2236 750 2294 medicinae
766 2252 818 2292 usu
838 2233 1024 2293 efficacissima
1039 2242 1100 2294 suut

194 2322 313 2395 quaein
338 2321 426 2378 hortis
448 2327 588 2377 seruntur.
627 2319 718 2378 album
745 2336 862 2394 papaver
883 2320 974 2378 minus
998 2318 1097 2390 efficax,

97 2453 102 2463 .
193 2405 377 2479 soporiferum
405 2413 448 2462 est
474 2404 599 2479 quidem,
622 2405 750 2479 quoniam
772 2405 861 2461 minus
888 2405 993 2480 rigoris
1023 2396 1100 2463 inse

194 2489 334 2561 eontinet,
362 2506 442 2563 quern
464 2489 593 2564 paulatim
615 2489 654 2546 illi
676 2489 783 2546 cultura
804 2480 923 2546 decoxit.
943 2488 1027 2551 ‚lolia
1045 2491 1097 2548 elus

86 2697 250 2826 salli
263 2700 329 2825 ⁹²²}
336 2699 546 2839 statutt?
559 2696 1095 2839 lttltttdrtldt0t³⁰tttl

86 2843 133 2894 tur
146 2842 190 2895 rb.
207 2845 212 2910 1
227 2859 248 2896 r.
264 2840 389 2897 sananda
403 2857 485 2896 sucus
499 2858 522 2897 c.
536 2842 641 2897 rosatio
655 2841 725 2896 trita
736 2840 841 2897 morbis
854 2858 879 2896 a
893 2846 941 2896 etc
955 2858 974 2910 9
987 2843 1056 2910 (noa
1066 2839 1095 2906 o).

122 2916 139 2965 ὅ
157 2911 262 2968 morbis
279 2911 475 2968 articularibus
492 2914 559 2983 pol:
576 2912 734 2967 tumoribus
752 2911 949 2968 articularibus
967 2929 984 2967 r
1001 2912 1095 2981 (turno

86 2979 164 3037 ribus
181 2982 386 3039 auricoloribus
404 2985 440 3054 b).
459 2985 544 3053 efiep
545 2985 576 3038 it
593 2983 807 3053 tintinunturp
810 3000 839 3038 o.
862 2981 1024 3038 illiniuntur
1041 2981 1095 3037 lrt

123 3052 266 3125 arigius
291 3055 359 3124 pol.
387 3054 548 3125 vigiliarum
570 3056 615 3110 rb
676 3060 690 3109 'l
716 2999 823 3123 epifora
845 3052 1031 3136 lippientibus
1051 3069 1095 3123 po:

87 3123 264 3207 epi(y)phora
278 3125 366 3180 oculis
380 3125 563 3208 lippientibus
577 3126 636 3181 lrb
677 3131 694 3180 9
709 3123 805 3180 Cortix
817 3142 843 3195 9.
860 3127 864 3194 l
880 3123 1095 3187 auliculorum,

87 3194 298 3253 caulioornml.
355 3203 387 3250 11
410 3196 519 3252 utiliter
533 3199 612 3278 9.91
640 3195 1053 3265 om.rb.12lrncticisp.

87 3271 121 3320 13
135 3283 206 3322 muro
220 3284 273 3323 usu
291 3269 358 3337 pol
381 3283 453 3323 muro
471 3265 540 3323 est
531 3285 562 3321 m
579 3267 690 3322 usurb
736 3267 1096 3337 temperamentum

87 3339 147 3408 rb)r
171 3340 367 3421 apparateso,
390 3338 589 3409 apporiatasl.
649 3342 682 3392 tt
705 3339 874 3393 auctorem
896 3353 983 3406 mare
1002 3338 1066 3392 cdd
1082 3349 1097 3404 9

87 3409 163 3477 (ante
180 3409 310 3480 crysippo
328 3414 360 3465 ut
376 3410 426 3479 ol)
444 3408 604 3480 {diocydon
621 3425 659 3478 pv
670 3409 740 3479 (rb),
758 3409 898 3479 dyooidon
916 3412 934 3465 l.
