2416 3802
464 91 684 156 -65..

64 274 137 318 curn
164 255 238 316 oleo.
279 263 393 335 myrtea
420 259 501 334 virga
531 274 606 334 quae
634 256 714 316 forro
738 264 816 318 tacta
845 267 949 331 15,124.

64 363 128 406 non
152 346 252 406 estin
275 345 377 405 dolore
404 347 561 424 inguinum
585 344 814 423 circumligatur.

65 433 249 495 absinthium
262 432 371 494 habere
387 436 418 494 in
428 433 554 493 ventrali
567 433 698 512 prodest.
717 433 815 513 pollex
843 445 930 508 auo-2.
955 447 1034 508 aare

64 524 132 583 eius
150 522 235 602 pedis
253 541 269 581 a
284 541 343 601 quo
367 525 477 601 inguen
496 530 542 582 est
564 525 698 601 proximo
722 521 814 600 digito
843 515 903 583 (⁰2⁷2-
923 520 947 584 r)

32 610 201 690 samgatus
222 618 372 672 tumorem
395 610 486 671 sedat.

132 812 242 869 xm.
265 810 447 868 Ulceribus
467 810 506 866 in
529 824 628 867 crure
650 812 707 867 vel
729 801 766 867 in
787 811 889 867 tibiis.

132 929 288 992 Ulceribus
312 932 344 989 in
371 948 460 990 crure
486 930 532 990 vel
559 933 590 990 in
618 929 699 991 tibiis
723 930 813 1010 adeps
842 941 947 1003 28,241.

64 1021 189 1080 ursinus
216 1019 344 1080 admixta
371 1017 492 1079 rubrica
523 1020 695 1098 imponitur.
738 1038 812 1098 quae
876 1024 912 1078 ib.

64 1116 193 1188 serpunt
211 1108 363 1169 'curantur
390 1107 456 1167 selle
485 1109 589 1186 aprino
618 1126 688 1168 cum
715 1110 814 1168 resina

64 1204 97 1257 et
119 1215 248 1258 cerussa.
282 1195 466 1269 maxillarum
484 1198 548 1275 apri
566 1195 612 1255 vel
631 1199 694 1256 suis
713 1198 812 1256 cinere
884 1201 888 1211 “
907 1241 912 1253 .

20 1299 49 1338 1⁰
65 1288 291 1365 insperguntur.
328 1286 415 1345 fimus
439 1287 578 1364 caprinus
593 1303 630 1344 ex
644 1292 727 1344 aceto
743 1283 812 1345 sub·
883 1289 888 1299 '
907 1329 912 1340 .

64 1382 150 1436 actus
177 1382 208 1435 ct
235 1373 470 1434 subfervefactus
498 1375 671 1452 imponitur.
715 1375 813 1433 omnia
883 1375 912 1428 ’.

62 1465 96 1524 in
114 1463 162 1524 bis
180 1461 254 1523 locis
271 1462 373 1522 ulcera
391 1469 557 1541 purgantur
577 1470 612 1522 et
626 1462 813 1541 complentur

63 1548 140 1631 <et>
167 1558 365 1631 persanantur
392 1550 500 1630 butyro
530 1568 563 1610 ac
592 1550 719 1610 medulla
748 1569 812 1610 cer-

62 1642 145 1721 vina,
172 1642 245 1700 item
268 1639 334 1699 selle
358 1640 475 1700 taurino
504 1657 572 1699 cum
600 1641 722 1718 cyprino
747 1639 812 1698 oleo
883 1642 911 1694 '.

23 1742 48 1782 ¹⁵
62 1737 116 1790 aut
138 1731 225 1789 irino.

129 1929 258 1986 XXIII.
282 1928 446 1984 Telorum
468 1926 580 1982 dolori
601 1925 658 1981 vel
680 1925 818 1981 tumori.

132 2047 276 2108 Cruribus
300 2048 346 2107 vel
368 2046 435 2107 talis
463 2048 488 2106 si
515 2053 631 2106 tument
659 2053 688 2106 et
712 2045 813 2105 dolent
841 2057 928 2120 arpa.

63 2155 187 2199 muscus
197 2155 234 2196 ex
243 2135 308 2196 oleo
323 2137 413 2196 tritus
426 2137 596 2214 imponitur.
621 2135 709 2194 limus
724 2152 811 2213 aqua-

136 2377 314 2448 4mgu1nele
329 2371 455 2446 proximo
473 2392 502 2445 p,
531 2376 647 2445 inguine
671 2378 713 2430 est
735 2394 777 2446 pr.
796 2378 815 2430 ol
834 2375 874 2444 (in
889 2395 945 2445 quo
963 2376 1081 2448 inguina

64 2449 148 2504 arunt
167 2450 259 2504 Marc.
274 2465 305 2517 p.
325 2451 396 2517 225).
469 2447 511 2501 tu.
535 2468 617 2502 xxrrrr
635 2447 781 2502 Ulceribus
804 2453 851 2502 etc.
870 2465 900 2517 p,
924 2449 969 2502 Aa
986 2449 1081 2504 ulcera

63 2519 94 2574 in
113 2519 240 2575 cruribus
259 2522 288 2575 et
306 2517 384 2573 tibiis
402 2519 429 2574 cl.
497 2526 513 2573 6
531 2518 678 2573 Ulceribus
690 2517 823 2587 -eibiis,
842 2536 912 2587 quac
929 2521 1012 2573 umba
1030 2537 1079 2574 om.

63 2592 118 2661 qd,
136 2607 171 2646 ear
184 2592 265 2646 titolo
282 2591 366 2645 huius
379 2605 439 2658 cup.
453 2590 622 2645 restituenda
640 2606 694 2644 csse
709 2590 823 2644 Plinius
841 2591 959 2644 iudicat:
978 2590 1082 2646 Ulcera

65 2663 147 2717 sonat
163 2661 195 2716 in
212 2661 291 2717 tibiis
310 2660 490 2730 cruribusque
513 2661 593 2731 adips
611 2660 721 2715 ursinus
740 2666 786 2715 etc.
861 2666 875 2713 7
901 2660 1036 2715 smmixta
1054 2679 1080 2730 y.

101 2739 135 2788 12
158 2734 353 2804 purganturet
378 2731 561 2801 complentur.
598 2732 786 2788 Personanlur
805 2774 812 2789 .
829 2773 834 2785 .
853 2733 896 2800 pot
919 2732 958 2800 (et
980 2749 1023 2787 om
1046 2738 1080 2802 r).

63 2805 222 2874 purgantur
239 2806 268 2859 et
290 2804 475 2873 perconantur
496 2803 576 2858 babet
597 2805 679 2858 etium
698 2804 792 2858 Marc.
808 2820 836 2871 p.
857 2809 908 2857 232
928 2805 989 2872 (om.
1011 2805 1080 2873 Pl.):

64 2877 158 2945 itaque
176 2876 325 2930 addidici.
377 2878 410 2928 13
425 2873 527 2943 butyro
540 2875 659 2944 pr(M):
678 2875 789 2929 vulture
803 2875 829 2930 d.
868 2880 901 2929 15
916 2877 978 2930 aut:
993 2876 1039 2931 vel
1054 2877 1081 2929 ci.

65 2944 188 3016 lhyrino
210 2947 251 3016 gd
279 2945 382 3015 (hin'no
412 2946 475 3013 bm):
508 2945 625 3014 hyrcino
643 2946 687 3001 rb.
713 2948 718 3014 Ῑ
747 2947 779 2999 io
791 2947 833 3014 pti
855 2946 978 3015 sequitur
1001 2948 1082 3030 puori

64 3033 152 3073 moue
179 3018 220 3072 tu.
243 3037 299 3072 xxv
322 3015 452 3072 Oruribus
474 3016 572 3070 italis
594 3022 641 3072 etc.
660 3033 691 3087 9,
718 3017 764 3070 Ad
787 3032 868 3071 crura
886 3017 933 3072 vel
955 3017 1033 3072 tibris
1057 3017 1082 3072 si

65 3088 163 3144 dolent
185 3088 413 3156 vetimento,
440 3105 509 3158 quac
526 3105 560 3142 cx
582 3088 643 3157 ipso
661 3088 744 3142 initio
771 3089 890 3157 capituli
911 3089 944 3143 da
962 3090 1082 3143 talorum

65 3161 156 3215 dolore
175 3159 220 3227 (cf.
241 3160 317 3214 Plio.
337 3165 362 3214 ct
376 3160 469 3216 Marc.
477 3176 510 3228 p.
525 3161 588 3228 232)
607 3162 691 3214 ducta
704 3164 777 3214 suot.
808 3165 995 3215 causantem
1014 3161 1079 3214 titu-

65 3232 109 3286 lus
126 3232 158 3285 io
176 3232 300 3300 margine
318 3232 473 3300 acciptur
485 3246 561 3285 onoc
579 3232 611 3286 io
624 3231 701 3286 codol.
715 3231 850 3299 sequentis
869 3232 986 3299 capituli
1004 3239 1082 3283 rm

65 3302 110 3427 Ξῖ
133 3303 236 3371 fflffl)
267 3303 349 3358 initio
372 3303 549 3371 praepositus
575 3307 614 3357 est
650 3303 771 3384 (propter
802 3307 893 3356 textus
925 3301 1080 3382 breuitatem

66 3388 200 3512 mayaco
226 3374 296 3428 mule
322 3374 468 3443 deputam).
543 3379 577 3428 16
602 3372 732 3427 Omnbus
748 3372 893 3427 -dolent
920 3371 1018 3426 addreb
1046 3387 1080 3424 ec

113 3546 181 3584 Plinii
192 3547 287 3587 iunr'orr's
298 3548 420 3592 medicina.
507 3589 515 3607 ,
931 3537 954 3585 ξ’
