2416 3802
523 97 765 161 -210—

135 270 224 341 atque
248 279 284 320 ex
307 260 408 320 herbis
432 259 562 321 odoratis
585 259 676 320 aridis
699 278 768 321 cum
792 259 851 321 sale
875 262 1054 339 compositio
1078 262 1147 326 talis

134 357 329 430 praeparatur
346 366 397 409 vas
415 347 492 409 hene
511 349 639 409 solidum
658 366 691 408 ac
710 349 786 409 bene
801 351 932 427 picatum
946 367 1043 428 capax
1062 353 1146 414 trium

134 438 181 499 vel
204 445 345 517 quattuor
368 436 550 519 modiorum,
574 445 792 516 sumunturque
817 436 927 498 herbae
950 438 1053 500 aridae
1078 440 1142 502 bena

137 527 251 588 olentes
275 535 335 588 tam
363 526 400 586 de
422 527 511 587 horto
539 544 627 605 quam
655 526 691 586 de
715 544 800 607 agro,
827 532 934 604 utputa
958 534 1083 590 anetum
1106 547 1141 589 co·

134 616 283 676 liandrum
315 614 478 676 seniculum
508 616 607 694 apium
640 617 770 676 satureia
799 615 922 675 sclareia
954 623 1023 677 ruta
1053 624 1165 679 mentae

135 704 324 784 sisymbrium
348 703 519 782 ligusticum
541 702 674 782 puleium
694 703 858 782 serpullum
879 705 1036 783 origanum
1061 715 1144 767 vetto·

134 796 201 853 nica
229 795 411 874 argemonia,
444 800 474 853 et
506 811 543 852 ex
569 793 616 852 his
648 791 794 852 infundo
822 795 900 853 vasis
928 794 1047 872 primus
1079 795 1146 856 ordo

135 883 347 942 consternitur.
384 889 447 942 tum
472 899 508 940 ex
530 880 664 960 piscibus
683 882 709 940 si
727 882 858 941 minores
881 881 994 943 luerint
1017 884 1147 966 integris,

135 974 161 1030 si
184 972 311 1030 maiores
329 973 360 1029 in
382 970 476 1029 lrusta
495 971 623 1029 concisis
642 969 717 1030 alter
734 969 807 1029 ordo
827 973 1026 1050 componitur.
1062 991 1149 1053 super

135 1059 215 1119 bunc
234 1061 342 1119 tertius
361 1057 435 1118 ordo
459 1057 527 1118 salis
550 1058 637 1119 binos
660 1058 768 1137 digitos
787 1058 865 1120 altus
888 1059 1025 1120 adicitur.
1064 1069 1196 1141 atquem

135 1150 166 1207 in
190 1148 269 1208 bunc
293 1146 414 1207 modurn
436 1147 483 1206 his
511 1146 609 1208 tribus
631 1146 794 1207 herbarum
816 1155 847 1209 et
869 1149 997 1228 piscium
1022 1149 1149 1230 salisque

134 1235 289 1296 ordinibus
318 1253 408 1314 supra
435 1236 562 1296 invicem
590 1235 805 1296 alternantibus
832 1255 883 1296 vas
911 1243 957 1297 est
989 1253 1088 1317 usque
1116 1239 1151 1300 ad

135 1327 335 1389 summitatem
358 1322 555 1405 implendum,
580 1331 643 1384 tum
666 1325 764 1385 addito
786 1325 928 1403 operculo
952 1325 1151 1389 claudendum

135 1422 224 1492 atquo
247 1415 288 1474 ita
310 1431 365 1494 per
388 1412 451 1472 dies
473 1420 587 1492 septem
608 1412 825 1474 dimittendum.
863 1412 973 1493 quibus
992 1418 1152 1478 transactis

134 1520 189 1582 per
213 1504 371 1562 continuos
394 1503 496 1580 viginti
516 1501 584 1562 dies
607 1502 728 1563 cottidie
751 1500 798 1562 his
821 1503 868 1563 vel
889 1510 938 1564 tor
959 1502 1027 1582 polo
1051 1504 1151 1584 ligneo
1164 1515 1191 1557 1⁵

135 1592 166 1650 in
189 1590 311 1650 modum
333 1591 408 1649 remi
432 1590 558 1649 lormato
578 1593 753 1670 compositio
774 1592 831 1651 ista
850 1590 1000 1671 usquead
1025 1592 1152 1655 fundum

136 1686 181 1739 est
205 1677 422 1738 commovenda.
460 1677 569 1756 quibus
588 1679 713 1758 expletis
736 1679 835 1758 liquor
858 1682 909 1758 qul
932 1680 968 1741 de
991 1679 1048 1742 bac
1072 1700 1151 1743 com-

135 1769 282 1846 positione
306 1765 429 1826 delluxit
457 1766 606 1846 colligitur
634 1776 722 1847 atque
746 1770 777 1828 in
804 1768 885 1830 bunc
909 1768 1031 1830 modum
1054 1789 1094 1832 ex
1116 1789 1152 1832 eo

135 1856 284 1934 liquamen
311 1855 358 1916 vel
385 1873 567 1934 oenogarum
595 1857 760 1918 conficitur.
806 1865 967 1919 sumuntur
993 1857 1087 1921 buius
1119 1859 1152 1920 li·

135 1947 238 2022 quoris
258 1946 375 2004 sestarii
398 1944 457 2004 duo
477 1951 507 2005 et
526 1963 595 2006 cnm
612 1945 734 2006 dimidio
752 1943 824 2007 honi
841 1948 902 2007 vini
921 1950 1047 2008 sestario
1071 1967 1151 2010 com·
1164 1956 1191 1998 ¹⁰

136 2035 314 2113 miscentur,
337 2041 400 2093 torm
420 2040 561 2112 quattuor
578 2034 739 2095 herbarum
761 2035 911 2095 aridarum
930 2036 1040 2115 singuli
1057 2040 1152 2098 mani·

136 2121 198 2199 poli
226 2122 257 2180 in
285 2120 361 2181 banc
386 2124 544 2182 mixturam
572 2125 754 2204 coiciuntur,
781 2125 861 2184 aneti
883 2123 1021 2186 videlicet
1048 2135 1081 2187 et
1105 2143 1152 2188 co

136 2209 241 2268 liandri
269 2217 300 2270 et
327 2212 473 2271 satureiae
503 2219 592 2290 atque
620 2212 768 2272 sclareiae.
815 2212 876 2272 feni
904 2215 1003 2291 graeci
1031 2232 1152 2295 qnoqm

135 2299 257 2358 seminis
284 2297 414 2378 pugillus
437 2318 516 2360 unus
539 2300 679 2381 adicitur,
706 2299 801 2361 etde
825 2301 1007 2362 aromatibus
1037 2304 1153 2385 piperis

135 2404 225 2464 grana
255 2388 377 2467 triginta
398 2387 445 2448 vel
472 2388 679 2472 quadraginta,
707 2392 782 2450 costi
809 2389 908 2468 pondo
936 2390 1051 2452 denarii
1080 2399 1153 2475 tres,
1175 2394 1202 2437 2¹

136 2477 264 2536 cinnami
287 2476 436 2557 similiter,
460 2477 639 2557 caryophylli
663 2477 807 2539 similiter.
845 2478 918 2559 baec
941 2480 1055 2541 minute
1081 2500 1153 2542 con-

136 2567 205 2624 trita
234 2565 330 2625 eidem
358 2566 467 2644 liquori
490 2568 717 2646 permiscentur.
754 2575 819 2628 tum
846 2567 893 2627 vel
922 2570 953 2628 in
981 2569 1083 2630 ferreo
1108 2569 1158 2631 rel

136 2655 166 2712 in
191 2671 278 2713 aereo
297 2672 364 2714 vase
385 2657 560 2734 conrpositio
583 2655 656 2715 baec
679 2655 810 2716 tamdiu
830 2650 983 2735 coquenda
1008 2665 1054 2718 cst
1079 2678 1157 2738 quo·

137 2759 231 2820 osque
255 2742 290 2801 ad
309 2744 399 2804 unius
417 2745 535 2805 sestarii
557 2762 729 2806 mensnram
746 2746 908 2824 perveniat.
942 2748 1029 2825 prius
1051 2754 1158 2817 tamen

136 2847 224 2907 quam
246 2839 447 2909 percoquatur
466 2831 561 2893 mellis
582 2832 749 2912 despumati
773 2832 912 2894 selibram
935 2835 966 2894 in
986 2853 1052 2895 eam
1076 2835 1156 2897 adici
1173 2837 1198 2879 ³⁰

61 2951 64 2957 ·
135 2926 262 2997 oportet
306 2937 381 2998 quae
410 2938 479 2982 cum
506 2929 645 3001 percocta
673 2922 765 2982 luerit
797 2939 880 2982 moro
911 2924 1069 3001 potionum
1098 2941 1157 3007 per

207 3164 221 3212 1
241 3159 322 3214 babis
342 3163 401 3230 (sic)
420 3178 444 3216 o.
513 3166 529 3215 6
547 3161 677 3217 vetonica
695 3161 852 3232 argimonia
869 3179 916 3234 pv.
972 3171 987 3219 7
1006 3166 1094 3221 vosise
1112 3169 1150 3222 sic

134 3247 180 3298 po.
236 3236 268 3284 11
288 3231 411 3300 piscibus
429 3249 459 3302 g,
478 3231 599 3302 piscium
616 3250 640 3288 o.
704 3239 805 3288 14v11.
824 3250 848 3288 v.
910 3241 943 3290 lb
961 3255 1006 3291 xx.
1024 3253 1050 3293 o.
1076 3241 1083 3308 Ι
1106 3254 1147 3293 co

134 3300 205 3356 tidie
223 3319 247 3357 o.
269 3304 273 3369 Ι
293 3302 361 3372 pala
379 3302 474 3373 lignea
492 3345 498 3357 .
514 3345 520 3358 .
537 3343 545 3357 .
563 3303 685 3358 formata
701 3320 747 3373 po.
818 3311 851 3360 19
871 3322 1036 3376 omogurum
1054 3325 1102 3379 po.

136 3372 287 3443 20viuoq.
335 3378 369 3428 25
383 3394 445 3428 xxx.
460 3377 472 3425 t
488 3394 537 3429 nn.
556 3391 581 3428 o.
598 3377 602 3442 Ι
618 3395 659 3429 111.
675 3393 699 3428 o.
745 3381 780 3430 26
799 3377 915 3431 ouriofili
931 3394 963 3448 9,
982 3379 1147 3437 cariofolio.

137 3442 142 3512 l
159 3444 277 3516 contrite
295 3443 341 3499 ide
360 3462 384 3498 v.
439 3449 474 3498 28
492 3461 558 3519 vasp
577 3461 602 3500 o.
638 3451 672 3500 29
687 3446 787 3501 nestori
803 3465 827 3502 o.
