2416 3802
480 123 699 186 ..73-

147 327 191 382 11„
215 325 381 396 sanguini
402 340 448 382 ex
469 326 674 383 vulneribus
696 327 857 383 sistendo.

148 445 252 506 Fimus
276 444 437 507 caballinus
461 465 530 507 cum
558 466 681 507 ovorum
704 450 830 527 putami-
858 458 964 520 30,112.

69 534 171 595 'nibus
190 541 339 594 crematur
359 536 445 613 isque
465 537 540 595 cinis
559 536 739 614 spathomela
758 540 830 596 mix-

79 631 132 684 tus
154 615 318 702 imponitur
339 623 441 703 plagae
466 620 496 702 <z
519 626 593 683 mire
617 622 727 704 sistit).
750 626 830 704 poly·
858 634 964 698 32,121.

78 731 140 792 pus
162 718 249 772 tusus
271 713 302 770 in
325 712 384 791 pila
406 714 437 772 in
462 712 583 773 modum
606 714 759 793 emplastri
782 715 830 774 ad·

44 799 211 861 ⁵bibetur,
248 804 350 861 cortex
373 802 477 861 vitium
505 809 536 862 et
563 801 631 862 lolia
660 803 741 863 arida
765 811 830 864 tusa
859 813 928 876 23,4.

79 892 113 949 in
135 890 228 949 farina
246 891 420 968 sanguinem
440 893 549 951 sistunt
569 898 598 950 et
616 892 725 952 vulnus
743 892 830 971 gluti-

79 985 163 1038 nant.
204 977 271 1037 iolia
299 981 410 1057 persici
438 981 508 1039 trita
538 988 568 1040 et
596 982 733 1059 imposita
762 981 830 1040 hae·
859 990 963 1053 23,132.

78 1065 270 1145 merrhagian
303 1069 420 1129 sistunt.
465 1067 572 1146 pilulae
604 1069 714 1148 platani
747 1077 830 1130 tusae
859 1075 938 1138 24‚44
957 1071 1017 1139 (om.
1036 1072 1062 1138 r)

79 1174 118 1215 ex
146 1162 230 1215 aceto
257 1156 421 1234 impositae.
459 1157 570 1217 serulae
602 1159 685 1217 cinis.
722 1158 831 1218 hircini
859 1167 964 1230 26935.
992 1167 1100 1231 98940.

30 1254 63 1294 1⁰
79 1245 159 1304 utris
177 1245 282 1303 vinarii
301 1246 376 1305 cinis
395 1263 463 1305 cum
481 1248 545 1324 pari
564 1245 695 1323 pondere
715 1248 830 1306 resinae

80 1352 119 1392 ex
143 1339 226 1392 aceto
250 1334 407 1412 impositus
426 1335 600 1412 sanguinem
624 1335 702 1394 sistit
721 1341 751 1393 et
769 1334 830 1393 vul-

79 1438 155 1481 nera
173 1421 307 1500 glutinat,
338 1421 496 1482 haedinum
517 1423 673 1501 coagulum
692 1441 727 1482 ex
747 1431 830 1483 aceto

80 1512 258 1588 sangninem
282 1513 368 1571 sistit.
893 1512 930 1566 st.

148 1711 212 1786 HL
234 1709 445 1766 Vulneribus
467 1710 664 1766 recentibus
686 1714 721 1767 et
743 1711 860 1766 nervis
883 1709 1008 1766 incisis.

149 1824 298 1907 <Vulnera
322 1824 475 1907 recentia>
495 1818 615 1888 ⁴vermes
633 1831 748 1889 terreni
767 1831 830 1889 triti
858 1839 963 1902 30,115.

39 1922 66 1962 15
81 1917 300 1998 conglutinant,
323 1917 396 1977 adeo
420 1925 453 1977 ut
477 1919 566 1978 etiam
589 1936 696 1977 nervos
719 1919 830 1977 incisos

81 2003 211 2066 solident
233 2005 280 2065 die
305 2008 449 2084 septimos
476 2006 553 2066 idem
569 2007 690 2066 arefacti
713 2008 743 2065 in
768 2005 829 2065 sole
858 2017 963 2079 eone.

80 2112 120 2153 ex
151 2101 235 2154 aceto
267 2095 331 2154 triti
363 2093 536 2154 vulneribus
572 2097 767 2174 imponuntur
801 2102 831 2155 et

79 2184 260 2262 interposito
282 2181 374 2243 biduo
397 2183 561 2243 solvuntur.
592 2184 708 2243 cocleae
732 2202 829 2243 exem·
893 2185 929 2238 ib.

79 2279 149 2350 ptae
177 2271 214 2331 de
243 2273 305 2331 suis
334 2274 419 2332 testis
448 2272 556 2332 crudae
586 2274 671 2332 tritae
704 2272 830 2332 mirifice

39 2362 67 2402 ²⁰
81 2357 218 2420 solidant.
247 2359 363 2420 cocleae
383 2378 451 2420 cum
471 2361 533 2419 suis
554 2363 639 2420 testis
658 2369 741 2421 tusae
762 2378 830 2420 cum
893 2361 933 2416 it.

80 2466 180 2527 niprra
209 2455 240 2508 et
267 2456 334 2508 ture
359 2451 447 2508 etiam
476 2451 627 2527 praecisos
651 2468 758 2509 nervos
786 2466 830 2507 sa·

152 2637 194 2690 tit.
215 2635 351 2706 Sanguini
369 2652 403 2690 ex
424 2636 566 2692 ulceribus
589 2636 763 2704 (vulneribus
781 2637 831 2706 rb)
856 2633 1028 2702 sistendop,
1053 2636 1098 2689 Ad

79 2723 249 2778 sangumem
272 2724 306 2761 ex
327 2706 468 2762 ulceribus
491 2706 688 2764 sistendumd.
762 2708 879 2776 ispeto
902 2704 986 2760 melle
1009 2706 1099 2761 mixto

78 2725 236 2848 imponitur
268 2777 416 2850 luge(
347 2779 389 2847 qd
406 2778 571 2861 (spatomele
590 2779 679 2833 mixto
694 2778 778 2832 melle
796 2776 979 2861 imponiturt
988 2778 1030 2847 ωε)
1049 2777 1097 2831 ud·

78 2849 169 2904 mixto
187 2796 273 2904 mellt
281 2848 490 2933 spetpnplse(
468 2851 497 2917 (e
512 2865 533 2904 e
548 2848 724 2918 sputomilae)
743 2849 845 2919 plegae
859 2847 1008 2918 impositus
1027 2848 1098 2903 mire

80 2919 158 2976 sistit
174 2921 222 2975 rb.
249 2919 319 2974 mire
338 2919 413 2974 sistit
430 2921 512 2974 etiam
531 2921 587 2987 Pt,
605 2921 654 2989 qui
671 2936 721 2975 om
741 2920 955 2989 spathomelem
1023 2919 1099 2974 tfu-

78 2991 143 3046 rina¹
160 2992 211 3047 db
266 2990 525 3061 thamorogiunp,
553 2991 765 3045 emorroiemd.
838 2990 973 3045 8Pulule
993 2991 1097 3060 (siud.

116 3070 132 3118 9
157 3064 187 3118 et
207 3061 340 3131 impositu
358 3062 385 3115 d.
411 3065 414 3129 Ι
440 3062 605 3132 sangninem
629 3062 731 3116 sistunt
753 3063 817 3118 add.
837 3063 861 3117 b.
888 3064 891 3128 l
916 3061 1027 3130 hyrcini
1049 3063 1098 3131 pet.

117 3140 150 3188 11
170 3133 274 3188 exrt.
292 3133 387 3202 etpd.
410 3132 415 3202 Ι
440 3133 606 3187 vulnerari
624 3133 707 3202 (Pl)
725 3133 821 3187 ulcera
838 3134 887 3202 qd
940 3138 972 3186 12
991 3149 1098 3215 quagn·

78 3205 140 3258 lum
162 3221 189 3274 9.
261 3205 303 3257 tit.
323 3203 468 3258 Ulceribus
495 3204 675 3272 (Vulneribus
698 3205 746 3274 rb)
773 3203 931 3259 recentibus
954 3206 984 3257 et
1006 3203 1100 3257 nervis

78 3275 176 3330 incisis
193 3291 224 3344 9,
242 3274 287 3328 Ad
305 3274 400 3328 ulcere
417 3275 542 3329 recentia
560 3276 589 3329 et
607 3275 643 3329 ud
662 3292 761 3329 nervos
779 3274 880 3358 incisos
899 3276 925 3328 d.
977 3279 1012 3327 14
1030 3272 1098 3326 Vul-

79 3363 149 3401 nera
166 3345 290 3401 recentia
307 3346 407 3400 additu
424 3362 458 3400 ex
476 3346 512 3400 rb
532 3347 639 3416 (Picum)
714 3352 746 3401 15
770 3346 886 3400 incisos·
910 3344 1031 3398 abscisos
1050 3343 1096 3396 Pi.

117 3483 153 3531 16
167 3477 225 3532 die:
240 3476 269 3530 in
284 3476 447 3544 dior(intro
459 3496 481 3534 s.
492 3477 568 3534 diem
580 3478 648 3552 Pl..)
663 3477 810 3552 lseptimo
826 3495 862 3550 pc
872 3476 958 3547 trit
970 3472 1085 3527 brem
1091 3472 1127 3522 o.
