2416 3802
536 115 754 180 „pgss

407 281 505 343 addito
525 283 625 341 cluere
644 299 680 340 ex
699 278 817 339 ossibus
838 279 986 339 semorum
1009 296 1155 356 agnorum

407 379 437 432 et
459 373 571 431 nitrum
595 378 695 430 tusum
718 367 875 428 adhibetur
902 366 1055 428 ulceribus
1080 385 1156 444 quae

307 461 342 516 ib.
407 461 576 520 cicatricem
608 477 668 518 non
700 456 831 517 trahunt.
876 455 977 534 pulmo
1010 457 1157 518 arietinos

408 566 512 608 carnes
536 554 743 607 excrescentes
773 547 804 605 in
828 544 978 605 ulceribus
1002 551 1157 623 exaequat.

274 646 379 708 auree.
406 636 507 696 ulcera
522 654 597 713 quae
613 641 737 713 serpunt
752 641 781 694 et
796 652 871 712 quae
891 636 962 693 inis
977 640 1179 694 excrescunti

274 735 379 796 32‚127.
408 727 482 784 cinis
514 727 644 802 capitum
676 741 830 784 menarum
868 729 994 783 coercet.
1040 721 1156 783 fistulae

408 815 582 892 aperiuntur
598 814 806 890 siccanturque
826 811 1003 872 salsamento
1018 829 1087 871 cum
1102 810 1156 870 liu·

408 902 486 961 teolo
509 903 645 981 inmisso,
675 903 812 978 intraque
842 899 968 960 alterum
991 899 1072 960 diem
1095 917 1171 959 om·-

275 998 379 1062 36,180.
408 1008 476 1050 nem
500 989 606 1049 callum
630 990 780 1049 auferunt.
816 991 1001 1067 serpentium
1019 988 1158 1049 ulcerum

408 1086 527 1138 coercet
554 1080 683 1157 impetus
716 1077 779 1138 calx
809 1096 869 1137 non
901 1076 960 1137 lota
993 1085 1158 1157 temperata
1169 1086 1192 1127 1⁰

408 1185 444 1226 ex
467 1169 582 1228 rosacio
607 1174 637 1227 et
660 1174 743 1227 aceto
763 1174 851 1245 atque
874 1166 970 1246 milita,
994 1185 1063 1226 mox
1087 1184 1158 1228 cera

408 1274 441 1316 ac
465 1259 579 1316 rosacio
602 1257 748 1334 permixta
766 1256 904 1334 perducit
922 1253 958 1313 ad
978 1256 1158 1316 cicatricem.

275 1355 379 1417 26,14e.
408 1343 596 1423 symphytum
615 1347 712 1405 omnia
727 1344 827 1406 ulcera
846 1343 1000 1404 celerrime
1019 1343 1160 1423 perducit

160 1437 256 1502 terre
276 1434 336 1501 (om.
354 1435 379 1503 r)
408 1432 444 1492 ad
472 1434 643 1493 cicatricem
670 1441 701 1493 et
728 1440 818 1494 sanat.
860 1433 1038 1511 plantaginis
1066 1450 1159 1492 sucus

284 1530 379 1593 282ss
408 1521 575 1580 infunditur
607 1521 726 1602 fistulis,
764 1529 793 1580 et
824 1522 952 1582 mittitur
983 1520 1080 1580 isdem
1118 1519 1196 1581 lel1⁵

276 1604 336 1668 (Om-
355 1602 380 1669 t)
403 1611 559 1669 taurinum
591 1627 659 1669 cum
691 1613 775 1688 porri
807 1628 878 1670 suco
910 1611 975 1687 pari
1006 1626 1158 1671 mensura.

275 1707 379 1770 28,242.
408 1700 607 1757 carcinomata
630 1705 773 1757 curantur
802 1697 924 1776 coagulo
952 1698 1076 1776 leporis⁸
1089 1715 1159 1758 cum

406 1788 472 1866 pari
496 1804 635 1846 mensura
654 1788 802 1867 capparis,
826 1785 905 1864 quod
924 1793 1087 1864 utrumque
1108 1785 1159 1856 ad·

307 1875 343 1929 ib.
408 1893 545 1954 spersum
564 1876 631 1933 vino
651 1876 759 1934 teritur
777 1892 845 1934 ima.
873 1877 1048 1953 gangraenis
1065 1876 1160 1953 pinna

307 1965 343 2018 u.
407 1963 543 2024 inlinitur
567 1963 606 2022 lel
629 1965 772 2023 ursinum.
809 1964 834 2022 is
854 1980 928 2041 quae
948 1969 1072 2041 serpunt
1096 1981 1158 2023 me·
1171 1971 1200 2012 ²⁰

275 2062 379 2125 28,243.
408 2050 496 2111 detur
520 2048 617 2130 <asini
639 2051 817 2129 ungularum
840 2047 944 2129 cinis>
981 2068 1087 2111 caseus
1111 2069 1160 2112 ca-

407 2141 513 2217 prinus
537 2140 634 2198 siccus
657 2157 693 2198 ex
717 2146 800 2200 aceto
825 2147 854 2199 et
872 2138 959 2199 melle
981 2146 1091 2217 purgat
1114 2139 1160 2199 ul·

306 2229 343 2283 eb.
408 2245 484 2287 cera.
514 2244 588 2305 quae
604 2236 728 2305 serpunt
747 2226 866 2288 cohibet
880 2244 983 2288 sevum
1001 2229 1161 2306 caprinum

308 2318 344 2372 ib.
409 2334 477 2376 cum
487 2333 563 2375 cera.
579 2314 656 2375 idem
666 2314 773 2376 additis
784 2316 1032 2394 sulphureetpice
1038 2324 1160 2396 purgat.

213 2548 227 2594 1
247 2540 344 2596 addito
364 2539 469 2594 cinere:
493 2539 527 2606 cf.
548 2539 624 2594 Plio.
644 2539 661 2594 t.
681 2555 702 2593 c.
722 2540 772 2593 ubi
790 2541 839 2593 eut
858 2538 949 2592 cinere
973 2538 1066 2608 legisse
1084 2539 1161 2594 vide·

141 2615 187 2666 tur
205 2614 366 2682 epitmnator
385 2611 472 2678 (apud
489 2625 566 2678 quem
584 2609 756 2664 scribendum
775 2610 824 2664 ent
842 2608 916 2664 nitro
934 2611 1018 2678 tuso).
1039 2611 1044 2678 Ι
1069 2609 1161 2665 lemo-

140 2701 203 2737 rom
218 2683 364 2752 (feminum
379 2680 448 2750 Pu:
472 2680 615 2735 firmorum
627 2681 698 2750 gdb.
750 2685 765 2734 5
785 2680 814 2734 in
828 2679 863 2734 iis
877 2680 960 2750 (Pl.):
983 2680 1013 2734 in
1030 2679 1076 2734 his
1095 2682 1162 2750 ydb

141 2753 318 2823 (cflstmrap.
330 2755 428 2821 auli).
479 2756 495 2805 6
514 2751 652 2806 minarum
672 2750 801 2806 cohercet
818 2751 844 2806 d.
897 2757 911 2804 7
931 2768 1006 2805 cnm:
1026 2756 1063 2806 ti
1083 2753 1161 2820 (cum

141 2826 173 2879 in
190 2826 239 2892 sic)
258 2826 284 2879 d.
358 2822 493 2877 eoadem
512 2824 538 2878 d.
564 2823 568 2888 l
595 2821 687 2876 aufert
705 2822 729 2876 b.
803 2827 837 2876 10
863 2821 993 2877 cohercet
1011 2823 1037 2877 d.
1063 2823 1068 2890 l
1095 2821 1161 2877 calx

140 2895 393 2966 evangelioque.
446 2900 477 2947 11
497 2893 580 2947 inlita
596 2894 640 2948 Pi.
660 2892 796 2962 (illiter):
815 2892 907 2946 indite
923 2893 993 2962 geth.
1045 2897 1160 2963 mper-

139 2965 228 3021 mixta
246 2983 295 3022 om.
315 2967 341 3022 d.
402 2971 434 3019 13
455 2963 816 3034 Symfitum-oicetricem
839 2965 890 3033 gb:
918 2978 968 3018 om.
991 2963 1018 3017 d.
1076 2967 1110 3017 15
1129 2965 1162 3018 et

140 3037 263 3092 mittitur
280 3037 390 3092 hisdem
407 3054 437 3106 9³
457 3037 487 3090 et
505 3035 677 3104 mitigantur.
705 3035 821 3089 Hisdem
840 3036 871 3102 el,
891 3037 920 3089 et
938 3033 1045 3088 eisdem
1061 3033 1161 3088 mede·

139 3110 227 3163 turb.
301 3114 334 3163 16
353 3107 415 3178 pori
433 3108 459 3162 d.
485 3108 489 3172 Ι
514 3122 645 3160 mensura
668 3105 810 3161 cinomete
829 3107 967 3161 curantur.
1000 3103 1162 3174 (loagnlum

140 3178 311 3250 (Quegnlum
333 3181 374 3248 9),
399 3183 445 3233 etc.
468 3179 517 3247 qd.
591 3182 624 3232 18
649 3176 757 3246 caparis
781 3178 806 3232 d.
832 3179 837 3245 Ι
866 3177 1030 3246 adspersum
1052 3176 1103 3244 gd.

176 3256 209 3305 19
224 3249 400 3320 congreginis
413 3250 465 3319 gb,
484 3247 687 3318 cengriginisd
705 3250 765 3316 (om.
780 3251 814 3316 r).
865 3253 900 3302 20
918 3247 969 3301 Fel
982 3244 1161 3301 murrum...

138 3323 267 3377 medetur
285 3321 347 3391 pdb
375 3319 535 3389 (adhibetur
553 3321 586 3387 ν).
613 3321 617 3388 Ι
646 3318 683 3373 is:
712 3319 757 3374 his
779 3320 850 3388 pdb.
876 3322 880 3384 1
906 3333 991 3387 quea:
1039 3315 1071 3371 ui
1089 3317 1115 3372 d.

138 3398 171 3447 21
188 3391 375 3448 esini—einis
390 3391 489 3445 addidi
502 3407 535 3445 ear
551 3389 596 3444 Pl.
615 3391 660 3458 (ef.
677 3391 715 3444 M
723 3407 754 3459 p.
768 3392 894 3460 43sup.).
931 3393 965 3442 23
979 3403 1030 3458 pre
1053 3386 1114 3443 'bet
1129 3386 1161 3442 d.

167 3469 205 3515 M
223 3480 248 3516 a.
270 3480 334 3516 eum
353 3461 489 3531 sulphure
505 3463 557 3532 gd.
