2384 3796
553 40 772 135 -ρος,

421 221 537 314 possint
564 237 643 294 etsi
670 252 719 294 res
743 235 875 312 exegerit
902 233 1012 312 aperiri
1045 232 1169 293 molliori

307 334 394 398 acab.
423 325 584 384 curatione.
631 325 766 400 reprimit
798 340 848 382 eas
880 321 988 380 radicis
1021 320 1170 382 brassicae

289 423 394 487 calet.
423 415 498 473 cinis
526 430 595 472 cum
622 411 707 471 melle
736 410 846 470 inlitus
890 409 985 487 lupini
1016 428 1056 470 ex
1089 417 1170 471 aceto

152 503 324 574 *(Marc.p.
337 508 396 559 107.
424 503 501 562 cocti
520 502 641 579 tritique
664 500 836 560 discutiunt.
873 500 978 559 vitium
1002 499 1082 559 cinis
1105 516 1171 560 cum

213 575 248 643 ⁰f‘
263 575 343 643 ²3³⁶)
425 608 493 651 cera
522 597 551 649 et
579 591 677 649 resina
707 588 828 668 paribus
858 587 1043 666 ponderibus
1080 590 1190 668 impot

307 688 394 751 3258.
424 681 479 739 sita
508 678 666 738 desiccant.
717 679 876 756 apponitur
904 677 1054 736 muricum
1084 683 1170 737 testa·

423 785 491 827 rum
514 769 588 827 cinis
613 784 681 826 cum
704 765 790 826 melle
814 765 860 825 vel
888 763 1116 843 conchyliorum
1137 782 1171 826 ex

308 865 395 928 3288,
423 855 528 916 mulso.
574 857 673 933 sepiae
705 872 771 914 ossa
807 872 875 914 cum
911 853 1038 931 axungia
1072 860 1170 915 vetere

290 953 394 1015 tonte.
424 953 490 1005 tusa
528 942 693 1003 medentur.
744 942 796 1002 lini
834 959 935 1002 semen
967 948 1072 1002 tusum
1106 958 1171 1003 cum

290 1042 395 1105 natat.
424 1032 509 1092 melle
529 1034 653 1091 nrixtum
672 1033 794 1109 mitigat.
821 1031 896 1091 licus
915 1032 1010 1090 siccae
1030 1029 1170 1092 decoctae
1186 1032 1189 1037 '

291 1131 394 1193 tulta.
424 1140 460 1181 ex
488 1123 555 1180 vino
583 1122 669 1180 tritae
700 1119 886 1183 adhibentur.
924 1120 1098 1197 comprimit
1124 1136 1170 1180 eas

424 1210 511 1270 limus
535 1208 723 1269 columbinus
742 1226 810 1268 cum
828 1207 922 1268 farina
946 1206 1114 1268 hordeacea
1136 1224 1169 1268 ex

323 1299 359 1354 ib.
425 1298 519 1359 melle.
561 1305 686 1357 noctuae
720 1296 878 1356 terebrum
907 1294 953 1354 vel
985 1297 1071 1356 iecur
1104 1312 1169 1356 cum

399 1399 402 1405 ’
425 1387 489 1445 oleo
513 1384 612 1462 tepido
633 1383 803 1443 infunditur
823 1383 972 1443 auriculae
991 1401 1008 1443 a
1025 1384 1167 1462 parotide.

324 1476 361 1529 u.
425 1471 602 1550 multipedae
635 1489 704 1532 cum
736 1473 850 1531 resinae
887 1479 972 1550 parte
1006 1474 1098 1533 tertia
1128 1475 1186 1533 in·

291 1566 396 1630 calco.
424 1560 567 1620 linuntur.
619 1567 700 1619 creta
738 1559 853 1620 cimolia
885 1579 921 1619 ex
954 1567 1038 1620 aceto
1072 1563 1167 1622 siccat

292 1659 397 1722 aaron
424 1649 561 1727 plantago
603 1666 673 1708 cum
711 1651 836 1727 axungia
875 1655 975 1708 vetere
1023 1655 1168 1728 persanat

292 1747 396 1810 aaut,
425 1739 546 1797 ursinus
584 1736 673 1817 adeps
706 1740 872 1798 conteritur
904 1754 973 1797 cum
1009 1739 1072 1797 sevi
1109 1746 1167 1798 tau·

324 1827 361 1881 ib.
425 1827 483 1886 rini
510 1827 576 1904 pari
606 1825 737 1904 pondere
770 1833 800 1885 et
832 1843 927 1885 cerae.
968 1825 1038 1884 limo
1066 1842 1185 1906 caprae.

337 1917 353 1951 *
426 1933 494 1975 curn
517 1916 642 1993 axungia
664 1913 838 1976 inlinuntur.
883 1921 971 1991 caput
998 1915 1119 1992 viperae
1141 1915 1168 1974 iu

191 2003 301 2143 (Mcrp.)
304 2022 335 2073 p.
347 2010 398 2059 108
426 2003 546 2063 linteolo
587 2003 750 2064 involutum
788 2010 817 2062 et
854 2001 989 2062 lancibus
1021 2002 1168 2082 alligatum

238 2092 290 2131 eo.
427 2098 518 2151 sanat.

232 2357 245 2405 1
271 2349 389 2420 exigerit
415 2365 440 2418 p.
482 2349 577 2418 exigat
604 2348 744 2417 adaperiri
766 2350 811 2403 rb.
842 2351 845 2416 Ι
880 2347 1002 2403 molliori
1029 2349 1169 2406 curatione

159 2421 278 2491 (ratione
292 2423 317 2490 r)
335 2421 388 2490 gd:
409 2419 499 2474 colliri
516 2420 624 2474 ratione
639 2421 654 2474 b
673 2418 826 2488 (curadone
841 2421 902 2491 bn).
953 2424 968 2471 2
986 2417 1117 2474 radicum
1130 2420 1168 2476 rb.

197 2498 213 2546 3
232 2491 322 2546 illitus
340 2493 390 2558 rb,
409 2489 528 2545 illinitus
547 2491 573 2546 d.
625 2489 766 2545 tdecocti
783 2492 827 2545 rb.
853 2492 857 2558 l
882 2487 997 2557 tritique
1015 2503 1045 2556 px
1066 2492 1096 2544 et
1115 2489 1170 2547 tri'a'

159 2563 229 2618 drb.
254 2562 261 2646 l
290 2559 451 2617 discutiunt.
488 2560 597 2616 Vitium
624 2560 778 2631 (Vicianum
801 2561 830 2630 d)
859 2559 928 2616 cinis
947 2575 1010 2614 cum
1033 2575 1098 2616 cera
1121 2562 1186 2632 gdt'

158 2635 315 2690 discutmt
332 2633 441 2688 vitium.
469 2640 497 2688 et
515 2632 585 2687 item
604 2631 673 2687 cinis
692 2648 756 2685 cum
775 2632 852 2686 creta
869 2629 990 2700 cymolia
1007 2647 1023 2683 r
1041 2632 1126 2697 (unde
1140 2633 1171 2700 bt

196 2709 212 2758 5
231 2705 293 2774 pari
306 2703 429 2773 pondere
443 2704 604 2763 exiccatrb.
643 2709 736 2756 'lcum
755 2702 867 2757 condito
886 2718 920 2756 ex
938 2702 1028 2756 mulso
1043 2702 1172 2774 bruci).

163 2775 166 2844 l
188 2774 370 2830 conciliorum
388 2791 419 2844 p,
443 2773 643 2829 conchiliorum
662 2774 687 2828 d.
710 2800 713 2804 ·
753 2773 874 2828 emulsa
887 2773 932 2826 rb.
983 2777 998 2827 9
1018 2773 1174 2842 contu(n)aa

159 2846 197 2899 rb
216 2846 286 2914 (Pl.)
360 2851 392 2900 10
411 2845 478 2900 licus
498 2844 572 2900 sicca
591 2846 620 2899 et
638 2843 702 2899 vino
722 2844 849 2898 coctast
870 2843 938 2898 trita
956 2842 1072 2898 adiuvat
1090 2846 1136 2899 rb.

162 2922 196 2970 14
218 2915 347 2986 tepidum
371 2917 397 2970 d.
419 2915 423 2986 l
448 2913 612 2985 aparctide
632 2915 691 2969 Pl:
719 2913 842 2984 parotidi
859 2931 889 3038 p,
908 2914 1037 2983 parotide
1057 2916 1106 2982 (ad
1124 2930 1174 2999 aeg.

160 2987 291 3054 created)
311 2987 359 3042 db.
398 2991 430 3040 15
450 2985 604 3058 multipedg
622 3002 652 3055 p:
676 2986 737 3040 -des
755 2987 782 3040 d.
810 3003 859 3039 mu
870 2983 968 3053 tipeda
986 2985 1176 3054 (Pi.).,.i1h·

161 3056 299 3128 niturrb.l
311 3058 451 3113 resinarb.
482 3063 513 3111 16
520 3055 670 3126 cymoliag.
680 3055 683 3128 l
695 3055 1008 3126 exacetosiccctpdbm:
1020 3053 1176 3113 exiccatrb.

208 3134 240 3183 18
270 3130 327 3182 sevi
354 3126 459 3182 taurini
476 3129 515 3197 gb
534 3129 616 3196 (Ptiz
646 3143 711 3182 sevo
739 3126 850 3182 taurino
869 3127 895 3181 d.
934 3143 999 3181 sevo
1018 3127 1131 3181 taurino
1146 3128 1178 3183 et

160 3215 227 3254 cera
241 3217 268 3269 p.
278 3217 305 3268 p.
321 3197 458 3253 similibus
468 3216 491 3252 r.
531 3204 562 3252 19
579 3201 608 3253 et
625 3214 687 3272 cere
705 3214 734 3267 p:
758 3199 787 3253 et
809 3213 873 3252 cem
892 3197 943 3266 dr,
963 3213 1012 3252 om.
1032 3198 1057 3251 b.
1082 3200 1087 3262 1
1113 3198 1177 3254 fimo

161 3272 215 3339 pd:
243 3273 272 3326 et
294 3269 375 3323 fimus
398 3271 444 3324 rb.
518 3275 551 3324 20
570 3268 725 3324 inlinuntur
742 3285 771 3338 9:
795 3267 955 3323 illiniuntur
973 3269 1004 3336 d,
1022 3267 1145 3324 illinitur
1163 3270 1178 3325 b

160 3341 263 3410 (illitus
281 3343 315 3410 r).
389 3346 422 3395 22
442 3341 477 3409 cf.
498 3341 590 3395 Marc.
610 3341 627 3396 l.
648 3355 668 3395 c.
688 3339 804 3410 (tolles
823 3339 928 3409 optime
947 3340 1047 3408 sanct).
