2384 3796
492 68 734 133 -199-

91 231 192 313 lenit,
211 232 239 292 sl
255 233 288 292 in
301 232 371 293 vlno
383 240 484 292 vetere
503 231 592 292 detur
613 234 644 292 in
663 230 826 292 sorbitione
842 232 1015 294 resolutum.

96 318 195 382 simili
208 319 298 381 modo
311 318 414 381 datum
431 320 584 381 fastidium
598 319 742 382 stomachi
756 322 920 382 nausiantis
933 337 1015 381 aver-

95 411 137 471 tit
156 416 191 470 et
208 427 227 470 o
246 408 321 471 facie
339 408 512 470 foeditatem
534 407 656 488 palloris
674 406 811 470 excludit.
845 426 914 470 cum
932 426 1016 471 mero

99 496 247 559 haustum
273 495 404 559 meaios
430 498 519 558 etlam
547 496 657 576 quihus
683 499 798 557 vesicae
826 496 936 558 canalis
964 497 1014 559 oh·

76 588 238 649 ⁸strnltur
258 588 291 647 in
313 585 441 647 harenae
463 585 616 665 pulvorem
640 585 735 646 solvit.

170 750 265 809 m
296 753 346 809 Da
367 750 561 821 amygdalo.
610 714 615 723 Ι

171 856 366 951 Ampgdalum
379 887 500 952 recens,
518 876 553 930 ut
566 868 667 931 multis
681 868 812 950 videtur,
828 869 1014 931 stomachum
1049 862 1094 916 Pt.

108 965 220 1020 onerat
250 956 446 1020 'llioscorides
473 960 562 1019 ctiam
589 957 732 1038 prodesse
761 957 913 1019 stomacho
936 938 1114 1019 arbi-2³³⁶·

107 1054 218 1129 tratur,
240 1048 267 1108 sl
288 1065 358 1109 oum
380 1045 512 1125 folliculo
536 1065 590 1107 suo
614 1046 738 1108 nucleus
762 1048 929 1109 devoretur.
967 1066 1012 1108 ca·
1027 1021 1105 1147 12·ss

106 1143 161 1216 put
183 1142 369 1218 praegravat,
397 1134 552 1216 caliginem
576 1138 685 1216 nutrit,
712 1135 905 1215 cupiditatem
928 1154 1015 1196 vene·
1045 1135 1051 1161 ’
1107 1135 1114 1145 '

67 1238 96 1279 xo
106 1226 169 1285 riae
197 1223 355 1304 voluptatis
383 1223 527 1285 accendit.
567 1226 646 1285 sicca
674 1227 761 1285 etiam
790 1232 892 1284 contra
921 1222 1016 1285 ebrie·

106 1320 198 1374 tatem
212 1312 323 1394 valent,
342 1314 368 1373 sl
386 1321 454 1374 ante
469 1315 570 1374 vinum
589 1315 720 1392 quinque
740 1319 905 1373 sumantur.
937 1313 1017 1373 sitim

107 1419 143 1463 ex
161 1400 210 1462 his
227 1400 403 1462 inflammari
420 1400 471 1462 illo
490 1409 664 1481 argumento
684 1401 809 1462 docetur
827 1400 906 1480 qnod
921 1400 1017 1480 vulpis

106 1507 176 1552 oum
203 1489 352 1571 amygdala
385 1490 570 1552 devoraverit
597 1508 653 1551 nec
680 1507 785 1570 aquam
818 1492 849 1550 iu
881 1492 1016 1569 proximo

105 1576 244 1640 hahuerit
265 1580 390 1639 interire
409 1579 552 1641 creditur.
590 1596 728 1640 somnum
751 1579 876 1661 iaciunt,
901 1580 1016 1639 utrinam

65 1679 94 1721 1⁶
106 1674 240 1750 movent,
268 1667 447 1729 feminarum
473 1669 552 1730 iusta
578 1670 783 1748 praecipitant.
821 1686 890 1729 cum
919 1667 1017 1727 amulo

104 1879 237 1940 incidunt.
274 1879 363 1937 dulcia
391 1880 533 1936 stomacho
562 1882 715 1953 contraria,
744 1881 825 1937 citius
848 1888 938 1937 tamen
967 1895 1017 1953 par

104 1966 234 2022 intestina
256 1963 354 2021 lluunt.
393 1965 496 2039 gummi
524 1965 583 2021 eius
606 1981 654 2022 ore
681 1964 822 2021 detentum
846 1972 875 2021 et
895 1963 1016 2039 glutien-

105 2048 169 2106 dum
183 2050 298 2106 arterias
318 2048 400 2119 lenit,
423 2050 632 2107 vetustissimam
649 2057 751 2105 tussam
767 2051 924 2123 conpescit,
955 2064 1017 2106 cum

105 2150 181 2191 mero
205 2141 300 2208 potum
323 2132 442 2190 calculos
464 2135 493 2190 in
514 2134 602 2191 vesica
624 2134 736 2208 frangit.

173 2285 222 2336 Do
239 2284 366 2336 iubare.

68 2386 93 2428 ao
168 2375 260 2433 'luber
273 2378 407 2436 virtutem
430 2376 512 2433 hahet
532 2379 685 2452 stypticam.
715 2394 796 2450 poma
818 2379 877 2452 ipsa
898 2385 1017 2434 comesta
1036 2376 1093 2445 (82)

106 2461 276 2520 stomachum
304 2463 473 2519 nausiantem
500 2469 528 2518 et
555 2461 657 2517 llurum
679 2464 782 2519 ventris
811 2461 1016 2535 constringunt.

107 2547 211 2603 utiliter
233 2545 332 2602 dantur
354 2547 513 2621 sanguinem
536 2544 721 2603 reicientibus.

180 2772 195 2821 1
214 2766 239 2822 si
257 2783 320 2822 cum
339 2784 366 2822 v.
384 2767 411 2822 d.
433 2767 438 2834 Ι
461 2764 551 2821 veteri
568 2765 721 2835 poldhh).
777 2771 793 2820 3
812 2764 1026 2835 foeditatem,
1054 2765 1127 2822 lodi-

104 2840 196 2893 totem
213 2837 378 2909 picticum
396 2853 475 2892 mero
492 2837 520 2891 h.
539 2837 577 2892 od
597 2837 737 2918 sequentia
754 2838 876 2921 pertinet
899 2838 959 2922 (aec.
979 2837 1067 2908 Gal),
1082 2838 1125 2921 'od

100 2909 208 3034 md
221 2924 271 3034 li·
291 2907 997 3049 thanumtt¹¹s³t⁸tt'⁰tttt⁰⁰t²¹¹⁸t
1004 2926 1126 3036 ’o'lhl

104 2996 195 3106 ἓῖἰῗω
212 3023 278 3120 νϋ.’1
299 3050 444 3106 stomacho
462 3049 595 3120 prodesse
608 3051 653 3104 rh.
699 3056 716 3105 8
735 2996 780 3105 syngi
793 2997 886 3106 nuolgi
900 3023 917 3106 l
934 3054 938 3121 1
958 3052 1024 3106 hinc
1036 3024 1126 3106 occd

104 3120 289 3192 Amigdalum
308 3138 330 3177 c.
345 3140 387 3191 pr.
404 3163 409 3175 .
426 3163 453 3177 ..
500 3127 516 3174 9
536 3121 664 3176 veneriae
681 3123 750 3191 qul:
769 3138 904 3177 venereae
922 3123 967 3178 rh.
1014 3128 1048 3177 10
1066 3122 1124 3176 vol.

104 3193 194 3249 cham
208 3192 338 3277 accendit
350 3194 396 3249 rh.
414 3195 418 3259 Ι
435 3191 547 3274 Sicoum
561 3233 567 3246 .
579 3233 602 3247 ..
617 3192 695 3248 valet
709 3192 750 3247 id.
768 3193 773 3260 Ι
789 3191 875 3274 otiam
888 3194 978 3262 poids
996 3209 1063 3247 voro
1077 3193 1124 3248 rb.

106 3262 530 3417 lssldezlglnrdrillll4)lgrffilallh
543 3264 639 3404 llll?
652 3263 1090 3404 amylgdglsslllslolgfzamllopudallz·
1098 3349 1125 3403 o,

105 3405 251 3475 amigdalo
270 3406 304 3461 id
322 3405 493 3477 (Amygdala
511 3421 621 3475 quoque
641 3422 704 3460 oum
723 3408 819 3460 menta
837 3406 893 3474 rb).
