2416 3802
474 129 693 193 „44-

214 308 318 372 ronna.
346 295 424 358 liniti
447 295 543 354 ventri
566 290 643 351 benc
662 289 806 350 molliunt.
843 295 874 348 et
887 288 1017 348 ocimum
1040 290 1095 348 tri-

214 397 318 460 nepos.
346 392 411 445 tum
437 383 610 461 impositum
641 371 823 459 praecordiis
854 375 986 456 prodest.
1028 394 1095 435 sex·

346 473 441 532 tarius
468 470 580 530 farinae
612 466 665 528 lini
692 468 827 547 seminis,
859 467 1007 525 sextarius
1034 464 1098 523 feni

347 561 460 640 graeci,
487 575 556 618 cum
577 558 643 636 pari
670 572 810 615 mensura
832 552 928 613 mellis
956 570 993 612 ex
1021 570 1100 630 aqua

347 646 443 708 mulsa
475 646 591 705 decocti
622 643 708 704 calidi
740 646 935 721 imponuntur
967 642 1126 719 saepius.⁵

202 738 320 810 (ronco)
348 735 439 814 aliqui
470 732 584 793 malunt
620 730 742 793 feniculi
773 732 898 791 farinam
930 747 1000 789 cum
1030 730 1099 807 pari

349 839 489 882 mensura
511 820 606 880 mellis
629 819 797 899 decoquere
816 825 847 878 et
870 819 910 878 ita
933 820 1100 896 imponere.

216 921 321 984 capot
349 909 473 989 cydonia
505 909 596 969 cruda
628 906 675 969 vel
707 914 791 967 cocta
814 902 914 967 'ceroti
945 904 1033 965 modo
1067 906 1100 964 in

348 1016 446 1078 panno
478 997 644 1058 inlinuntur
675 1003 707 1056 et
743 994 883 1055 calefacta
914 992 1100 1072 praecordiis

234 1097 321 1159 ruti.
350 1103 441 1165 super
467 1088 669 1165 imponuntur.
711 1086 791 1144 acori
822 1081 906 1142 radix
932 1089 1001 1142 tusa
1028 1097 1101 1140 cum
1114 1094 1142 1134 10

234 1184 321 1247 eoas.
349 1175 417 1234 vino
445 1173 648 1233 efficacissime
671 1171 802 1252 prodest.
838 1173 864 1231 is
892 1188 967 1248 quos
989 1170 1103 1253 linquit

350 1263 465 1322 animus
480 1269 531 1322 aut
545 1256 698 1341 <quihus>
716 1277 801 1321 mens
816 1258 960 1320 alienatur
976 1256 1100 1337 quihus·

268 1377 272 1383 ·
350 1367 408 1428 que
435 1351 595 1428 vertigines
622 1350 698 1409 liunt
724 1347 840 1408 cocleae
868 1346 1001 1425 singulae
1029 1363 1102 1407 cum

351 1455 404 1497 sua
424 1445 500 1497 testa
514 1439 600 1497 tritae
621 1454 657 1497 ex
674 1438 755 1514 passi
777 1434 890 1515 cyathis
907 1437 1004 1495 ternis
1023 1434 1099 1494 cale·

223 1564 227 1571 ,
281 1570 287 1582 .
351 1525 427 1584 lacta
440 1526 630 1606 potionelper
643 1522 707 1584 dies
721 1538 786 1585 vm
805 1523 921 1585 dantur.
948 1526 980 1583 in
995 1523 1142 1583 eadem1⁵

351 1613 503 1673 curatione
518 1610 618 1690 aliqui
640 1611 711 1673 dant
736 1630 792 1691 per
819 1612 883 1672 dies
911 1613 1044 1690 quinque
1068 1613 1101 1671 in

351 1698 456 1760 eodem
469 1699 557 1760 modo
575 1702 655 1778 passi
673 1703 769 1779 primo
789 1700 836 1760 die
856 1699 987 1760 cocleam
1000 1716 1102 1780 unam,

352 1789 489 1866 sequenti
507 1787 595 1869 duas,
617 1790 781 1869 tertio'm,
805 1795 910 1866 quarto
929 1801 970 1868 11,
993 1789 1101 1866 quinto

263 1880 279 1912 *
351 1893 454 1936 unam:
486 1877 529 1936 sic
557 1878 685 1954 suspiria
711 1875 862 1937 tollentur.
903 1878 935 1936 in
957 1875 1005 1935 his
1037 1874 1100 1935 lan-

352 1962 495 2042 guoribus
510 1966 536 2025 si
550 1963 642 2025 febris
656 1982 716 2024 non
735 1966 774 2025 sit
792 1966 906 2035 marina
919 1981 996 2042 aqua
1008 1962 1101 2023 lavari
1115 1973 1145 2014 2⁰

237 2061 324 2124 30,47.
352 2051 425 2112 utile
447 2059 502 2112 est.
538 2055 663 2113 iocineri
689 2051 812 2132 prodest
834 2054 865 2111 in
893 2050 960 2112 ciho
983 2053 1102 2112 viverra

190 2206 194 2212 ⁴
246 2149 325 2211 30‚44
352 2138 476 2217 porcelli
494 2140 582 2200 modo
599 2143 735 2200 inassata.
768 2139 921 2201 stomacho
942 2139 1102 2201 medentur

86 2218 326 2288 (cs-Marssdssffll·
354 2226 470 2287 cocleae
502 2230 528 2287 si
559 2228 625 2289 fieri
654 2235 754 2307 potest
789 2227 936 2288 alricanae
968 2229 1000 2288 in
1032 2227 1101 2287 ciho

353 2321 502 2394 sumptae:
516 2323 686 2394 coquuntur
700 2318 827 2376 intactae
842 2335 879 2376 ex
888 2334 977 2397 aqua,
992 2315 1101 2376 deinde

352 2419 389 2462 ex
410 2405 517 2482 prunis
539 2411 707 2485 torrentur,
731 2411 802 2464 tunc
825 2423 862 2464 cx
882 2406 950 2463 vino
974 2411 1005 2463 et
1027 2421 1100 2482 garo
1115 2415 1144 2456 2⁵

352 2489 495 2572 eduntur,
530 2493 637 2570 impari
668 2509 793 2552 numero
825 2491 969 2553 stomachi
1004 2490 1102 2552 dolori

236 2585 323 2648 adad.
352 2576 518 2640 medentur.
554 2586 682 2658 prosunt
704 2581 785 2641 vivae
814 2579 931 2640 cocleae
955 2598 991 2639 ex
1015 2587 1101 2641 aceto

158 2823 172 2870 1
191 2815 283 2872 ventri
300 2833 319 2888 9
336 2817 418 2887 (Pl.)=
437 2818 563 2872 ventrem
582 2817 609 2872 d.
660 2821 725 2873 let
741 2818 894 2889 inpositum
912 2820 939 2874 d.
986 2825 1001 2874 3
1021 2819 1102 2875 lenu-

84 2887 162 2970 greci
179 2888 207 2942 d.
279 2894 295 2943 6
313 2887 430 2943 feniculi
447 2904 463 2942 r
481 2888 526 2969 (cf.
547 2887 639 2943 Marc.
654 2905 685 2959 p.
706 2893 781 2973 1522:
799 2890 859 2945 leni
876 2890 954 2960 greci
970 2906 997 2959 p,
1020 2890 1101 2946 fenu-

105 2973 163 3013 recr
180 2959 207 3013 d.
244 2957 406 3028 SCydonia
422 2975 453 3028 9:
472 2957 596 3013 Gvdonea
614 2960 640 3015 d.
686 2961 880 3017 tillmiuntur
897 2962 923 3017 d.
970 2967 1004 3016 10
1024 2962 1103 3016 acori

115 3029 374 3152 inacerispdlpp.
448 3029 686 3101 111s2His9d.
760 3038 793 3086 12
813 3032 915 3101 quihus
943 3033 1102 3087 addidicae

86 3098 177 3155 Marc.
193 3100 323 3170 (qnorum
366 3100 402 3169 l).
419 3100 424 3167 Ι
444 3113 523 3153 mens
536 3099 676 3156 alienatur
691 3102 735 3157 Pl.
755 3104 859 3172 (Marc.
869 3120 901 3172 p.
917 3103 992 3172 lom:
1011 3119 1100 3157 mens.

85 3169 291 3252 meliorantur
309 3169 382 3251 dtr).
431 3173 477 3250 ,14
495 3184 531 3222 ex
547 3173 623 3239 passi
641 3173 750 3243 cyathis
770 3195 820 3231 .m.
839 3191 862 3228 r.
924 3180 958 3228 18
977 3174 1101 3229 secundo

85 3239 131 3295 (he
151 3261 189 3297 nr.
208 3243 234 3297 d.
307 3238 1029 3314 almesboom.d.1vivarra9d(vivariarb‚
1056 3245 1100 3299 vi-

84 3326 168 3366 verra
185 3312 247 3381 br).
316 3313 350 3363 22
370 3309 515 3365 stomacho
532 3313 668 3372 medetur.
697 3313 797 3370 Cocles
809 3317 851 3384 qd
869 3317 905 3385 (ct
921 3316 961 3370 sic
974 3316 1099 3370 etiamr:

85 3381 287 3449 stomachoque
305 3378 440 3435 medetur.
473 3379 511 3436 Et
527 3381 597 3438 item
614 3385 671 3440 sii.
685 3404 712 3456 p.
727 3384 839 3440 cocleae
858 3389 923 3455 etc).
974 3392 1008 3440 23
1023 3383 1100 3439 affri-

86 3466 155 3508 cano
172 3452 200 3506 d.
273 3453 307 3503 25
326 3450 466 3506 torrentur
482 3469 501 3522 p
519 3454 600 3525 (Pl.):
618 3455 789 3512 torrentibus
808 3458 937 3512 assantur
954 3457 981 3511 d.
