2416 3802
494 175 714 239 ..34-

363 337 519 400 celerrime
540 355 595 416 per
623 344 719 396 totum
742 354 852 415 corpus
875 337 983 416 serpit,
1009 352 1114 398 macu-

362 424 425 487 losa
446 427 536 486 uariis
559 423 710 485 coloribus
729 431 760 484 et
780 424 931 504 inaequali
948 431 1017 485 cute
1042 425 1115 486 alibi

363 531 462 574 crassa
493 512 562 574 alibi
586 514 690 593 tenui,
727 509 835 593 <aliis>
868 512 943 573 dura
974 512 1050 574 locis
1083 520 1116 574 et

363 604 447 681 qnasi
475 601 530 662 sub
558 600 657 661 scabie
685 618 803 681 aspera,
832 607 984 680 postremo
1011 602 1114 680 nigre-

363 697 465 750 scente
503 685 555 767 <ct
583 688 620 748 ad
652 706 719 749 cssa
751 707 856 749 carues
892 684 1140 771 apprimcnte>,t

363 776 598 838 tumescentibus
626 776 725 856 digitis
754 779 785 836 in
807 776 944 837 manibus
969 775 1114 856 pedibus·

266 875 335 939 naa.
364 883 430 944 que.
458 865 506 926 bic
525 864 659 925 morbus·
665 864 824 944 peculiaris
839 873 884 925 cst
898 865 1114 943 Aegyptiorum

361 952 489 1033 populis.
525 960 607 1013 totns
628 955 771 1014 exitiosus
794 960 853 1034 est,
876 970 945 1013 cum
967 955 1000 1012 in
1022 971 1114 1033 reges

362 1040 480 1121 incidit,
502 1043 642 1120 quoniam
654 1041 702 1101 bis
717 1040 789 1101 solia
804 1042 839 1102 in
853 1040 966 1101 balneis
980 1040 1113 1102 bumana

363 1131 505 1207 sangnine
524 1136 736 1207 temperantur.
764 1130 857 1208 isqui
875 1128 932 1189 hcc
950 1128 1027 1189 malo
1047 1129 1149 1191 arn-*1⁰

228 1227 333 1292 ³0,118.
362 1218 483 1278 ciuntur
506 1217 581 1277 cinis
603 1216 746 1279 mustelae
775 1224 806 1277 ct
832 1216 966 1278 eiusdem
989 1219 1112 1296 sanguis

228 1317 333 1380 20,109.
361 1307 471 1366 mixtus
493 1304 637 1366 inlinitur.
674 1304 757 1365 radix
776 1306 910 1384 asparagi
932 1303 1058 1366 decocta
1079 1308 1112 1366 in

178 1429 184 1438 ·
228 1404 333 1467 auus.
361 1400 445 1454 aceto
467 1395 539 1453 trita
559 1395 726 1472 apponitur.
763 1395 919 1453 mentastri
941 1391 1011 1452 lolia
1029 1411 1111 1454 com·

246 1492 340 1555 aspa„
360 1479 535 1541 manducata
557 1478 743 1541 adhibentur.
784 1481 875 1541 cedro
893 1480 1073 1542 inlinuntur.

436 1625 510 1681 xx.
525 1588 705 1683 urserunt
718 1626 755 1682 in
772 1627 860 1683 rasae
878 1626 1112 1685 mamutium.

227 1736 332 1800 topos.
427 1724 583 1787 Ulceribus
596 1728 628 1786 in
646 1728 720 1787 lacie
735 1727 922 1788 manantibus
941 1725 1025 1787 bulbi
1044 1706 1111 1789 triti
1124 1738 1149 1781 1⁵

227 1824 331 1888 31,120.
360 1831 397 1873 ex
419 1821 503 1875 aceto
522 1822 552 1874 et
575 1813 717 1894 sulphure
736 1815 902 1876 medentur.
939 1816 1054 1876 nitrum
1074 1833 1112 1876 cx

243 1912 331 1976 30,30.
359 1901 445 1962 melle
478 1909 507 1962 et
537 1902 613 1963 lacte
649 1901 762 1963 bubulo
798 1904 955 1963 succurrit.
1001 1904 1111 1965 laciem

243 1985 246 1991 ’
359 1997 468 2068 purgat
490 1997 579 2069 atquc
603 1998 707 2069 erugat
730 1989 821 2070 adeps
844 1993 938 2069 cygni.

280 2102 284 2113 ’
302 2117 394 2172 m.
409 2117 607 2179 cervicibus
621 2120 656 2174 et
669 2118 698 2175 is
712 2132 801 2189 quse
814 2119 1002 2177 mollienda
1014 2124 1110 2177 sunt

225 2227 329 2290 sopor.
424 2215 526 2296 Adipis
536 2219 667 2278 anserini
675 2221 833 2298 perunctio
842 2219 979 2281 remollit.
1000 2219 1111 2281 ecdem

224 2314 329 2379 annac.
358 2303 445 2364 modo
460 2303 550 2384 adeps
569 2307 660 2384 gruis.
697 2306 790 2367 farina
811 2306 865 2368 lini
883 2310 1006 2369 seminis
1024 2310 1108 2369 nitro
1122 2321 1149 2363 ec

163 2445 177 2492 1
206 2437 352 2493 maculosa
379 2439 460 2508 (Pl.):
487 2437 604 2493 maculis
622 2440 713 2508 pdrb.
791 2441 911 2496 ivariis
938 2441 1032 2497 colore
1054 2459 1079 2498 r.
1103 2442 1108 2515 Ι

92 2506 219 2578 inequali
237 2509 301 2563 cute
319 2526 335 2564 r
353 2508 436 2578 (Pl.):
458 2507 644 2576 inequalitate
661 2511 711 2579 gd.
757 2510 852 2565 saliis
871 2513 920 2581 (ric
933 2514 972 2581 r):
991 2528 1041 2569 om.
1056 2514 1109 2583 gd.

129 2585 147 2634 4
165 2579 356 2650 &persecute
374 2580 401 2634 d.
474 2584 490 2632 5
510 2580 767 2648 et-epprimente
785 2598 802 2634 r
819 2580 901 2650 (Pl.)=
919 2598 970 2638 cm.
988 2585 1038 2653 gd.

90 2649 298 2706 sumentibus
315 2651 366 2720 gd.
392 2649 397 2718 1
425 2647 496 2704 bin
518 2649 647 2704 manibus
675 2649 780 2720 digItis.
808 2651 983 2723 pedibusque
1005 2654 1033 2709 d.

89 2725 104 2775 7
124 2721 272 2791 (hid-10
286 2718 443 2789 (mulcati.)
457 2735 507 2774 om.
520 2736 544 2774 r.
582 2725 598 2773 9
612 2719 713 2775 incidit
726 2722 757 2775 d:
776 2721 882 2778 incedit
897 2739 915 2792 p
933 2723 1055 2792 (excedit
1069 2725 1108 2795 b).

91 2790 151 2862 {his
168 2807 199 2861 g:
217 2790 242 2845 is
258 2791 285 2846 d.
338 2796 372 2846 10
385 2791 580 2860 temperentur
596 2792 639 2859 (ut
651 2795 734 2845 anua
748 2788 807 2846 est.
820 2834 826 2846 .
838 2833 844 2845 .
854 2791 979 2861 inciditur
997 2795 1107 2865 tempe

88 2861 224 2916 rabuntur
247 2860 293 2915 Pl.
321 2861 425 2930 (Marc.
440 2877 470 2928 p.
491 2862 562 2927 130).
587 2862 592 2928 Ι
616 2859 685 2914 is=
699 2861 751 2915 His
769 2863 839 2930 pdb.
872 2863 926 2918 hoc
944 2862 1109 2920 efficiuntur

87 2931 208 2987 mulcet.
282 2936 316 2985 14
334 2932 416 2986 cedro
436 2931 465 3001 (i.
485 2947 505 2986 e.
525 2931 601 2986 cedri
619 2948 685 2986 suco
706 2931 835 3002 Pitye:
861 2933 949 2988 cetrin
966 2951 989 2990 r.
1003 2933 1107 3006 lillini·

87 3004 174 3057 untur
197 3002 248 3057 dd.
320 3003 361 3056 rtt.
385 2999 532 3056 Ulceribus
549 3000 568 3055 i,
586 3001 606 3055 f.
626 3019 663 3056 m.
692 3004 772 3071 (guae
789 3004 881 3058 eedem
903 3005 986 3060 verba
1006 3007 1109 3074 repeat

87 3074 120 3128 iu
136 3077 227 3129 lexim
250 3072 334 3126 initio
351 3088 381 3141 9,
404 3087 462 3126 non
478 3073 520 3140 d),
552 3071 597 3126 Ad
615 3072 711 3127 ulcera
733 3072 763 3126 in
786 3072 970 3130 incitantia
993 3077 1012 3130 d
1035 3074 1108 3144 (eim

87 3144 168 3198 titulo
181 3142 321 3212 sequentia
330 3143 513 3197 uduedwetur
525 3143 557 3197 tc
569 3143 626 3211 rb).
665 3149 699 3198 16
709 3161 730 3198 e.
741 3143 903 3200 vulneribus
917 3145 947 3200 in
963 3144 1035 3200 lucie
1044 3162 1105 3202 me—

87 3212 189 3268 dentur
206 3230 222 3267 r
241 3211 318 3282 (Pl).
391 3218 424 3266 17
444 3211 542 3267 bubuli
564 3229 590 3282 p.
663 3219 697 3269 18
721 3215 806 3284 atque
825 3217 924 3285 erugat
940 3232 971 3285 p,
995 3218 1025 3271 et
1042 3232 1105 3270 ern·

124 3286 138 3338 i
154 3301 171 3338 r
188 3283 269 3350 (Pl.)=
288 3297 337 3336 om.
357 3283 383 3337 d.
456 3283 498 3337 rit.
518 3282 679 3338 Cervieibns
697 3285 727 3338 et
748 3284 792 3338 hie
815 3302 873 3354 qua
900 3287 960 3356 (eie)
977 3304 1014 3343 m.
1034 3303 1055 3343 s.
1074 3303 1103 3369 g,

112 3355 131 3411 d
149 3352 270 3410 cervices
287 3354 318 3406 et
331 3368 365 3407 ea
378 3369 451 3422 quae
469 3370 506 3408 m.
521 3369 542 3406 e.
553 3353 580 3406 d.
595 3355 641 3422 (ea
650 3373 677 3424 q.
691 3353 845 3410 mollienda
863 3358 928 3411 sunt
945 3357 966 3411 ἰ.
985 3373 1006 3412 c
1026 3356 1103 3411 dun-

86 3424 142 3480 tias
163 3424 228 3493 Pl).
255 3424 290 3492 cf.
306 3423 352 3480 Pl.
371 3429 406 3478 30
417 3428 482 3478 107:
501 3423 626 3478 tubere
643 3426 674 3480 et
691 3440 873 3497 quaecunque
892 3427 1014 3483 emolliri
1031 3424 1104 3499 epus

79 3497 131 3547 eet
145 3493 340 3550 efficacissime
357 3492 487 3549 anserino
507 3492 591 3564 adipe
608 3499 656 3551 ete.
989 3508 994 3515 ·
