2416 3802
485 175 727 240 -175—

90 346 249 417 sumptum
272 339 463 418 scorpionum
486 345 516 399 ct
539 356 715 400 araneorum
736 341 858 401 venenis
881 342 1004 421 resistit,

90 426 259 489 cruditates
282 426 414 487 discutit.
446 426 589 488 stomachi
611 445 729 488 morsus
752 446 790 487 ex
812 445 887 506 aqua
910 429 1003 489 calida

94 515 199 577 datum
225 514 306 577 lenit.
343 533 412 576 cum
439 515 504 576 oieo
533 523 562 576 et
585 524 668 577 aceto
696 517 801 577 tritum
831 515 1002 578 collectum·

95 621 154 683 que
178 604 280 665 sucida
299 604 364 665 lana
385 603 494 664 luxatis
518 612 548 665 et
567 606 700 666 contusis
718 603 854 684 partibus
871 606 1002 683 prodest.

161 804 353 862 mvm.
384 806 434 860 De
456 804 629 862 cerefolio.

62 934 78 975 5
163 921 309 984 Cerefoiio
332 925 418 1002 ignea
441 924 486 984 vis
509 930 540 984 et
563 924 707 983 acerrima
727 931 781 985 est.
813 933 913 1004 potest
932 940 1054 1007 cumps,
1064 941 1108 995 Pi.

98 1011 182 1074 mede
206 1013 370 1074 canceratis
392 1012 518 1094 mederi,
541 1012 642 1072 lateris
666 1012 784 1073 dolores
802 1013 942 1076 haustum
966 1034 1002 1077 cx
1014 1017 1109 1097 19‚1Z⁰

98 1103 164 1162 rino
191 1100 336 1180 mitigare.
382 1101 501 1180 quidam
528 1100 601 1161 iliud
630 1099 695 1161 oleo
723 1103 875 1163 incoctum
903 1106 1003 1184 acopis
1013 1083 1047 1136 ⁶²⁶
1063 1099 1099 1168 ⁸3·

96 1190 130 1251 ad
154 1187 325 1250 solvendam
342 1190 481 1251 iniuriam
501 1189 620 1268 frigoris
639 1191 833 1252 miscuerunt.
871 1209 908 1252 ex
927 1156 1108 1272 aquanaff')
1154 1217 1159 1228 ·

92 1276 192 1340 mulsa
204 1279 342 1358 pituitam
355 1277 489 1360 resolvit,
508 1297 545 1338 ex
565 1285 648 1338 aceto
668 1277 831 1339 lumbricos
846 1287 876 1340 ct
891 1283 1003 1341 taenias

62 1375 79 1417 [θ
90 1368 228 1448 perimit,
252 1369 369 1443 uripam
387 1369 459 1448 ciet,
483 1374 635 1427 menstrua
658 1367 781 1447 inpellit.
810 1369 915 1428 tritum
934 1387 1003 1431 cum

90 1472 165 1517 cera
196 1462 227 1516 et
262 1457 388 1535 axungia
419 1463 519 1516 vetere
556 1450 725 1536 parotidas
744 1455 879 1539 discutit,
916 1457 1004 1520 solvit

88 1561 216 1607 omnem
238 1552 395 1605 tumorem.

162 1725 370 1785 murm.
402 1729 451 1783 De
474 1702 636 1797 serpyllo.
1037 1720 1081 1775 Pt.

164 1843 332 1925 serpillum
350 1846 478 1907 calidum
491 1845 579 1907 simul
597 1853 628 1906 et
646 1845 732 1906 nobis
751 1846 822 1906 utile
837 1846 1001 1907 medicinae
1012 1795 1099 1860 lopo.

91 1951 171 1996 usus
193 1934 333 1996 ostendit.
375 1937 479 2014 capitis
507 1935 625 1996 dolores
653 1941 771 1995 coctum
795 1953 831 1996 ex
859 1943 943 1996 aceto
972 1944 1003 1997 et

62 2036 166 2084 acum
188 2040 310 2085 rosaceo
333 2026 462 2104 tempori
480 2042 514 2085 ac
537 2024 629 2084 fronti
646 2023 764 2085 inlitum
784 2025 906 2102 mitigat
939 2042 1001 2085 scr-

161 2269 324 2346 Origauum,
347 2271 401 2330 hoc
415 2278 458 2328 est
472 2271 583 2344 conda,
605 2270 722 2329 calidum
737 2281 794 2345 est,
818 2280 846 2328 ct
860 2272 1000 2345 mingitur,
1033 2273 1077 2341 (of.

97 2354 204 2412 deducit
226 2356 306 2412 etiam
328 2355 436 2431 ilcgma.
474 2355 540 2412 eiira
562 2358 590 2412 in
605 2371 674 2430 aqua
696 2364 762 2430 pota
784 2356 918 2414 fervorem
942 2341 1107 2412 οηι-ΑΜθᾶ·

98 2453 157 2497 nem
178 2440 319 2515 sanguinis
347 2450 375 2497 et
402 2439 520 2498 cuderam
545 2442 701 2514 compescit.
739 2441 870 2498 elixatum
892 2441 949 2497 eius
971 2416 1108 2496 in¹¹’¹²3)·

102 2537 165 2597 aqna
180 2533 259 2582 cocta
280 2525 393 2598 epaticis
413 2533 442 2582 et
464 2523 642 2582 tussientibus
664 2523 786 2599 prodest.
818 2541 850 2582 ex
865 2526 926 2581 vino
942 2524 1003 2581 atio

73 2615 204 2666 neutum
226 2615 350 2684 potatum
372 2611 547 2685 scorpionum
570 2619 597 2667 et
612 2626 771 2667 araneorum
793 2611 864 2666 ictus
886 2610 1002 2683 mitigat.

103 2688 127 2747 io
145 2692 207 2750 oieo
230 2703 259 2751 ct
273 2702 350 2750 aceto
366 2703 472 2752 coctum
494 2696 522 2750 in
543 2695 605 2752 iuna
619 2693 714 2753 sucida
734 2694 883 2769 imponitur
904 2693 1003 2750 iuratis

105 2780 128 2829 et
145 2777 273 2835 fracturis
295 2778 416 2853 prodest.
434 2835 437 2841 .

62 2874 64 2883 ¹
104 2883 309 2904 Ἢ...-

168 3022 182 3070 1
202 3031 368 3072 amneorum
381 3032 432 3086 po:
451 3031 579 3071 mearum
597 3016 682 3086 rba).
729 3021 746 3070 2
765 3014 933 3071 cruditatem
948 3017 965 3070 i.
983 3016 987 3083 Ι
1002 3032 1110 3071 morsus

92 3079 234 3141 ⁸&ornamini
246 3088 292 3142 rb.
339 3094 356 3141 4
374 3086 495 3142 leuxoiis
513 3087 573 3157 (cic)
591 3103 616 3156 9.
663 3087 736 3142 ovis
749 3088 779 3142 ei
792 3088 835 3141 ot:
854 3085 896 3142 vis
914 3087 958 3142 esi
975 3088 1005 3142 ci
1018 3087 1109 3158 rb(p).

112 3164 149 3234 ‚6
166 3157 319 3227 laterisque
337 3159 354 3213 i.
409 3164 424 3212 7
445 3157 567 3224 Quidem
583 3174 650 3214 vero
667 3157 686 3214 i.
706 3158 750 3214 rb.
773 3161 777 3227 t
799 3157 816 3213 i.
835 3157 978 3213 incoctum
997 3158 1060 3213 olco
1078 3175 1111 3214 oc

81 3227 159 3282 ersa
177 3230 244 3298 (pro
262 3229 369 3299 acopis)
387 3228 423 3284 od
442 3247 462 3285 s.
483 3230 500 3283 i.
564 3229 736 3284 itmisouere
754 3230 798 3284 ri).
824 3231 828 3298 Ι
852 3228 895 3282 Ex
918 3245 992 3298 eque
1016 3231 1110 3284 cutem

79 3295 192 3355 111-rb.
239 3306 255 3355 9
272 3299 364 3356 iineae
377 3316 416 3369 po
426 3301 496 3370 (rb),
514 3302 615 3370 tyneus
633 3302 650 3356 i.
697 3306 731 3354 10
749 3299 873 3370 impellii
889 3300 934 3354 hic
946 3315 997 3369 po:
1016 3299 1112 3369 pellit

75 3350 183 3440 ἰθὺ).
204 3372 209 3439 Ι
234 3387 298 3426 cum
321 3386 371 3426 orn.
392 3373 408 3426 i.
466 3377 498 3426 11
518 3373 612 3427 vetere
631 3373 697 3442 poi:
720 3372 756 3426 -ri
773 3373 817 3426 rb.
840 3373 845 3440 Ι
870 3369 1010 3440 solvitque
1029 3370 1073 3424 rb.

74 3429 133 3494 12
149 3442 279 3497 timorem
293 3444 354 3513 (ric)
368 3460 392 3498 o.
439 3448 473 3497 13
493 3443 652 3514 serpyllum
667 3445 726 3514 (oio)
740 3459 787 3514 qo.
810 3446 814 3511 Ι
840 3444 869 3497 ei
881 3442 945 3512 poi:
965 3457 1015 3497 cot.
1030 3442 1075 3498 rb.

72 3498 134 3565 15
152 3529 217 3568 cum
233 3515 299 3584 polz
319 3530 369 3571 om.
389 3515 433 3570 rb.
