2416 3802
562 152 712 216 164-

90 387 105 433 2
109 309 179 446 01)έῖ
255 322 432 377 xxm.
464 322 514 376 De
537 320 655 390 sinapi.

255 438 436 518 Pythagoras
467 441 546 499 inter
576 457 611 500 ea
642 457 716 519 quae
747 447 873 519 propter
899 441 1047 500 virtutem
1072 446 1099 498 ei

189 528 350 588 efficaciam
381 527 493 608 laudat,
530 530 662 607 primum
682 529 788 608 'sinapi
825 527 926 588 locum
958 527 1099 606 adsignat.

114 628 151 682 D.
189 619 274 677 cuius
297 625 435 678 naturam
458 617 565 690 medici
582 616 685 677 volunt
708 634 774 676 esse
797 616 1029 677 thermanticam
1047 616 1099 676 hoo

91 705 178 766 2‚¹83·
190 713 236 767 est
263 705 435 786 caloratum,
465 704 657 785 leptynticam
690 698 764 784 quae
798 704 878 784 quod
910 707 1029 765 invenit
1054 723 1098 764 ex·

189 802 305 874 tenuat,
328 795 535 874 epispasticam
560 813 634 872 quae
659 793 739 873 quod
758 793 987 873 comprehendit
1011 793 1095 854 addu-

190 892 245 943 cat.
282 885 388 942 merito
416 900 488 960 ergo
516 901 607 943 sucus
639 885 717 963 eius,
746 885 860 961 inquo
885 884 984 942 omnis
1008 884 1097 943 virtus

190 979 236 1032 est
263 973 438 1051 constituta,
472 973 562 1030 tantis
589 979 709 1049 tamque
738 973 906 1031 numerosis
940 987 1094 1050 corpomm

190 1062 269 1120 vitiis
291 1067 423 1138 praestat
446 1059 599 1120 auxilium:
631 1078 737 1120 sensus
761 1061 854 1140 acuit,
878 1059 977 1120 alvum
1001 1058 1094 1136 mollit,

189 1151 308 1209 urinam
340 1151 411 1229 ciet,
448 1151 611 1208 menstruis
642 1151 782 1228 imperat,
821 1147 951 1208 calculos
984 1148 1092 1226 frangit,

192 1245 280 1318 caput
311 1243 420 1317 purgat
452 1255 531 1298 nunc
563 1236 660 1315 palato
692 1238 893 1315 gargarizatus
926 1244 958 1296 ut
997 1237 1103 1316 pituita

192 1329 321 1387 crassior
339 1325 480 1406 profluat,
504 1343 583 1385 nunc
603 1325 738 1386 admotus
757 1324 881 1386 naribus
900 1333 936 1386 ut
954 1332 1090 1386 sternuta-

192 1423 291 1475 mento
324 1416 465 1475 strictura
498 1413 636 1475 solvatur.
683 1413 835 1474 stomacho
866 1421 971 1474 contra
1006 1413 1089 1474 omnia

193 1502 383 1582 querelarum
413 1520 523 1580 genera
555 1505 713 1563 succurrit.
760 1504 933 1583 suspiriosis
965 1503 1090 1582 flegmate

193 1590 336 1653 dissoluto
369 1589 479 1650 liberos
511 1589 667 1652 hauriendi
705 1593 782 1652 aeris
813 1599 946 1670 praestat
979 1598 1090 1652 meatus

193 1680 376 1759 serpentium
399 1677 509 1740 ictibus
533 1687 562 1738 et
586 1682 777 1759 scorpionum
797 1698 866 1740 cum
889 1687 973 1740 aceto
998 1682 1103 1741 tritum·

192 1768 336 1829 inlinitur.
364 1786 424 1827 non
443 1767 557 1829 inutilis
571 1767 656 1828 cibus
677 1776 722 1828 est
741 1777 846 1829 contra
865 1786 981 1828 venena
1000 1769 1093 1846 fungo·

192 1875 268 1919 rum.
314 1859 445 1937 positum
477 1858 664 1917 extrinsecus
693 1866 792 1918 cutem
824 1859 853 1916 ri
885 1859 1017 1918 caustica
1052 1873 1095 1916 ex-

192 1946 321 2027 ulcerat,
349 1964 416 2005 raro
441 1945 563 2005 medicis
592 1945 627 2005 ad
657 1945 802 2006 eiusmodi
829 1945 961 2006 remedia
984 1947 1096 2006 renien·

193 2033 288 2115 tibus,
308 2035 447 2112 quoniam
465 2052 559 2113 paene
578 2034 796 2095 intolerabilem
810 2037 935 2095 suscitat
953 2037 1098 2095 ustionem

194 2141 249 2183 nec
269 2125 326 2182 nisi
348 2125 379 2182 in
398 2124 512 2200 magnis
536 2140 569 2182 ac
589 2125 797 2183 vetustissimis
817 2125 916 2183 causis
937 2131 1001 2183 tam
1020 2139 1099 2184 saeva

158 2365 198 2419 tii.
214 2380 363 2434 synape9‚
382 2363 523 2447 sinapeo,
543 2363 644 2435 synapi
662 2365 671 2418 9
690 2364 793 2434 (sinapi
806 2366 861 2435 rb)
899 2364 1103 2447 iadsignatpt

90 2435 143 2491 ass'
185 2437 268 2490 atel
305 2406 435 2490 3medici
448 2435 549 2490 volunt
560 2437 627 2505 gul:
648 2435 767 2490 vultrb.
788 2435 1014 2503 lihermaiicam
1026 2437 1072 2492 rb

115 2509 307 2563 oaozratamo
300 2507 476 2562 ·ooloratam
484 2507 533 2575 99(
523 2507 589 2576 (999
606 2508 610 2570 Ι
626 2504 758 2576 1999909
769 2522 803 2562 ao
811 2507 927 2576 (91999
940 2506 1103 2577 lepiyta'oam

90 2596 122 2633 eo
115 2525 218 2648 caquod
235 2578 296 2646 99(
286 2577 432 2660 (lepticam
450 2594 522 2648 qnae
541 2577 617 2647 quod
634 2579 690 2647 (9)
707 2579 711 2645 l
727 2577 852 2633 invemat
869 2578 915 2632 rb.
960 2583 978 2632 9
998 2578 1103 2648 epispn

90 2649 189 2719 sticaq
208 2647 1103 2730 999999999999919999,99199991999199999,999999999-

90 2737 198 2788 eamq
216 2722 250 2786 r).
271 2723 276 2788 1
302 2719 519 2802 comprehendat
540 2721 584 2774 rb.
651 2719 826 2774 6Me1ilo-
832 2719 1025 2803 (8)anxil1um
1042 2721 1103 2791 999

90 2790 190 2846 Merito
210 2807 276 2859 ergo
290 2789 378 2871 virtus
397 2790 457 2845 eins
476 2791 566 2845 omnis
585 2793 628 2846 est
645 2790 731 2845 tantis
748 2790 890 2846 insinuata
902 2789 1030 2860 indiciis,
1048 2794 1103 2847 iun·

91 2878 176 2930 quam
189 2860 343 2916 numerosis
358 2861 482 2930 corporis
495 2861 572 2917 vitiis
587 2863 712 2931 praestet
720 2861 856 2916 aunhum
865 2862 911 2918 rb.
947 2866 964 2916 8
978 2862 1103 2932 nccmtp

127 2937 161 2986 10
178 2932 275 3002 palato
293 2949 344 2988 om.
361 2934 406 2988 (9.
418 2936 428 3015 Ι
444 2932 638 3015 gargarizatus
654 2934 700 3002 (ac
719 2935 854 3002 sucus)..
870 2932 1029 2988 .admotus
1042 2935 1103 3004 999

91 3006 163 3057 -ium
180 3004 225 3059 rb
283 3008 313 3057 11
340 3003 459 3060 crassior
476 3005 527 3058 ob:
571 3003 673 3059 rassior
690 3004 774 3074 999).
791 3005 795 3071 l
817 2973 1103 3060 sternutamentum

92 3074 127 3128 -ti
143 3076 178 3145 99
196 3074 392 3143 (sternumenii
408 3077 445 3144 9)
500 3081 535 3129 14
550 3023 656 3130 {iberos
674 3076 739 3144 999
759 3091 809 3131 om.
827 3075 872 3129 rb
890 3076 1062 3146 lmeatnsg
1066 3077 1103 3130 ol

91 3149 164 3201 -tum
182 3146 228 3201 rb
275 3152 307 3200 15
327 3149 489 3215 serpentum
501 3147 631 3228 99.9((9)
647 3145 781 3216 {ignibus
799 3147 947 3215 (atopraacr.
961 3093 1102 3271 19991999)9

2 3272 7 3286 ,
93 3218 144 3288 let
166 3217 343 3286 scorpionum
370 3234 420 3272 999.
440 3218 457 3271 9
479 3218 483 3285 Ι
508 3217 607 3272 tritum
628 3219 679 3272 rb:
706 3217 790 3272 tritus
811 3218 866 3287 999
892 3217 1063 3287 (99910).

92 3295 126 3344 16
143 3305 200 3344 non
217 3290 283 3358 999
311 3306 363 3343 nec
380 3289 426 3343 rb
487 3293 519 3341 17
538 3288 705 3343 Positum!
721 3290 726 3356 1
751 3289 924 3343 uicsstroal
985 3294 1020 3344 18
1039 3306 1103 3345 eius

91 3359 168 3414 modi
184 3361 251 3429 pol:
270 3359 431 3415 huiusmodi
444 3359 488 3413 rb.
536 3365 569 3414 19
588 3359 723 3429 quoniam
741 3360 807 3428 (quo
820 3375 870 3428 99,
889 3365 936 3428 qffi
949 3361 976 3428 9)
994 3361 1097 3430 9999)

92 3430 233 3498 quomodo
261 3431 338 3498 (nota
360 3432 431 3485 male
453 3431 601 3500 9999999999)
620 3432 645 3486 9.
707 3436 741 3484 20
759 3446 811 3486 nec
833 3429 888 3485 nisi
905 3430 973 3500 gol:
1002 3448 1103 3486 neonor

79 3500 362 3574 99199199999
381 3504 412 3560 et
429 3502 475 3559 rb.
