2384 3796
509 125 664 188 -114
710 161 752 170 —

178 282 270 336 XXXI
298 283 344 338 Ad
361 283 478 337 vulnera
496 282 552 336 oris
571 282 630 336 sive
647 283 787 336 tumorem
795 280 987 363 gingivarum

164 353 268 407 XXXII
296 354 341 408 Ad
363 353 540 424 putredinem
564 353 619 408 oris
641 352 757 424 linguae
780 351 840 408 sive
862 352 977 423 palatus
1001 356 1033 410 et
1059 355 1149 426 gingi-

295 442 394 480 varum

150 494 269 550 XXXIII
295 495 340 550 Ad
357 496 477 551 fetorem
495 495 550 551 oris

138 566 270 621 XXXIIII
296 568 341 623 Ad
359 584 390 622 os
410 567 561 622 salivosum
580 569 610 621 et
627 565 767 635 lippidum

165 637 270 692 XXXV
296 638 341 693 Ad
359 654 390 693 os
409 641 439 693 et
455 638 534 693 labia

151 708 270 763 XXXVI
296 709 341 765 Ad
359 708 485 764 dentium
502 708 628 764 dolorem

138 780 270 834 XXXVII
296 779 458 834 addentes
475 780 585 836 laxatos
768 809 772 816 ·

125 850 270 905 XXXVIII
296 850 341 905 Ad
360 850 487 906 dentium
504 851 654 907 molarium
672 850 798 906 dolorem

148 919 267 976 XXXIX
293 922 339 977 Ad
357 922 454 977 dentes
472 921 588 977 vitiosos
606 922 653 978 vel
671 938 754 978 caros

217 991 266 1047 XL
293 992 339 1047 Ad
357 993 544 1048 dentifritium
563 995 593 1047 et
610 993 707 1048 dentes
725 992 858 1048 candidos
880 992 1035 1051 faciendos

203 1064 268 1117 XLI
293 1063 339 1117 Ad
356 1063 454 1119 dentes
472 1063 594 1119 molares
612 1065 659 1120 vel
680 1065 717 1118 ad
736 1081 831 1119 omnes
849 1066 883 1119 ut
905 1064 966 1119 sint
989 1066 1153 1138 incorrupti

191 1134 268 1189 XLII
294 1134 339 1189 Ad
357 1135 518 1191 (tentionem
535 1134 648 1205 quando
666 1134 788 1190 infantes
806 1134 940 1190 deutiunt

178 1206 268 1261 XLIII
294 1207 340 1260 Ad
356 1223 442 1263 uvam
460 1206 647 1262 distillantem
665 1207 695 1289 et
713 1207 750 1260 11
767 1206 862 1261 fauces
879 1207 1031 1264 tumentes

163 1277 268 1332 XLIIII
294 1277 340 1331 Ad
357 1277 522 1348 sangninem
541 1295 575 1332 ex
592 1276 720 1347 praecisa
736 1294 792 1332 nra
810 1276 930 1332 nimium
947 1277 1094 1337 fluentem

192 1349 268 1403 XLV
294 1349 340 1403 Ad
357 1350 441 1405 tolles
460 1352 490 1404 et
506 1348 635 1403 tonsillas
652 1347 842 1418 reprimendas

181 1420 270 1474 XLVI
296 1420 341 1474 Ad
358 1419 483 1474 1111111111
501 1420 627 1474 dolorem

164 1491 268 1545 XLVII
296 1490 341 1544 Ad
358 1491 453 1545 fauces
470 1489 660 1560 lImpidandas
903 1521 906 1528 ·

152 1561 268 1616 XLVHI
295 1561 341 1615 Aa
357 1563 483 1615 usturam
500 1560 591 1630 palati
609 1561 667 1615 siue
685 1560 809 1616 faucium

177 1631 267 1685 XLIX
294 1632 340 1685 Ad
357 1632 474 1686 vulnera
491 1630 615 1714 faucium
633 1648 669 1702 ap
671 1631 732 1687 erta

246 1702 268 1755 L
297 1703 342 1756 Ad
360 1719 504 1772 synangen
522 1705 552 1757 et
570 1702 624 1758 oris
642 1650 759 1758 vulnera
777 1704 806 1757 et
824 1703 944 1774 anginas

231 1774 269 1827 LI
297 1772 441 1858 anfectio
460 1773 603 1828 diamoron
610 1789 694 1856 'quaa
707 1774 778 1829 facit
790 1775 827 1829 ad
845 1776 988 1831 tumorem
1008 1776 1150 1835 faucium:

295 1862 351 1901 ons
369 1845 487 1901 vulnera
505 1847 535 1901 11
552 1843 669 1927 anginas

216 1917 266 1971 LII
293 1916 338 1971 Ad
356 1916 519 2000 ungendum
536 1915 654 1998 anginas

199 1976 268 2042 LIII
296 1987 440 2043 Confectio
458 1987 597 2042 arteriaca
615 1987 651 2041 ad
669 1986 848 2042 raucedinem
866 1988 946 2044 vocis

191 2059 268 2113 LIIII
294 2058 442 2128 Iugulae
461 2061 491 2113 et
509 2057 623 2114 cervicis
641 2057 767 2114 dolorem

220 2130 270 2184 LV
297 2127 342 2182 Ad
360 2129 490 2183 humeros
507 2127 623 2183 braohIa
641 2130 670 2184 et
687 2145 786 2184 manus
804 2129 914 2211 cubitos

202 2200 266 2254 LVI
293 2200 339 2253 Ad
356 2215 469 2254 nervos.
488 2199 617 2268 scapulas
637 2204 665 2255 11
683 2199 719 2255 ad
738 2199 833 2254 omnia
919 2206 923 2211 ’

194 2272 270 2326 LVII
297 2270 342 2324 Ad
360 2269 482 2352 pectoris
500 2268 625 2324 dolorem

176 2342 266 2397 LVIII
293 2341 339 2395 Ad
356 2339 456 2394 tussim

202 2412 265 2467 LIX
291 2412 337 2466 Ad
354 2410 532 2466 tussientium
551 2411 680 2481 antiquas
698 2415 727 2468 et
745 2413 892 2469 diuturnas
911 2413 1090 2477 valitudines

218 2483 268 2538 LX
296 2481 406 2536 Oximel
424 2481 461 2536 ad
478 2482 581 2552 flegma
598 2481 748 2539 incidenda

204 2553 268 2608 LXI
295 2552 340 2607 Ad
357 2553 482 2622 ptysioos

190 2625 268 2681 LXII
294 2624 371 2677 Ads
371 2623 512 2692 ynthesim

178 2697 267 2751 LXIII
241 2693 338 2749 Ifld
357 2694 522 2763 sanguinem
541 2697 701 2750 excreantes
720 2698 749 2751 et
767 2695 892 2766 ptysicos
912 2696 1030 2755 effectos
1079 2718 1086 2725 ·

164 2767 267 2822 LXIIII
294 2764 339 2819 Ad
357 2765 521 2849 sangumem
540 2765 698 2821 reiioientes

195 2838 270 2892 LXV
297 2834 349 2961 111111
361 2852 408 2891 111
427 2854 476 2962 qtstu
495 2837 659 2906 sanguinem
673 2839 772 2893 valde
791 2838 937 2894 stomacho
954 2841 1003 2896 vol
1021 2842 1059 2900 (11
1073 2857 1140 2900 vena
1188 2842 1190 2867 ²

294 2923 325 2961 11
351 2924 437 2961 111111
465 2911 516 2964 unt

431 3079 549 3148 capies
571 3080 651 3136 libri
674 3082 825 3138 secundi.

253 3191 266 3244 I
293 3190 339 3245 Ad
356 3189 517 3274 pulmones

239 3262 266 3316 Π
293 3261 339 3315 Ad
358 3253 517 3344 suspirium
560 3314 564 3322 ,

230 3333 269 3387 ΙΠ
296 3332 342 3385 Ad
359 3331 501 3388 mamillae
519 3333 649 3388 nucleum
667 3337 697 3390 11
715 3351 845 3391 canorum

215 3403 269 3460 IIII
297 3403 342 3456 Ad
364 3401 489 3459 dolorem
508 3405 645 3459 stomachi
663 3422 726 3460 oum
745 3407 853 3463 aooidia
871 3412 901 3464 et
922 3425 1029 3468 nausea
1052 3413 1083 3513 et
1104 3411 1137 3467 ad

293 3473 466 3529 inflationem
486 3478 515 3530 et
532 3475 754 3532 defectionem
