2416 3802
537 115 757 180 ..56-

311 294 381 361 23,5.
409 281 518 341 lienem
546 279 681 339 consumi
704 285 820 337 certum
847 283 902 337 est.
939 283 1161 336 sarmentorum

411 371 485 429 cinis
505 375 589 428 aceto
604 384 784 445 conspersus
802 363 881 424 binis
900 363 1012 443 cyathis
1031 382 1070 424 ex
1085 382 1160 443 aqua

410 459 438 517 ei
453 455 583 517 dabitur:
606 457 632 515 is
647 456 699 532 qui
718 452 872 515 curabitur
885 455 916 513 in
937 452 1047 512 lienem
1060 454 1160 513 iacere

253 549 380 622 (amas.)
410 544 540 606 debebit.
568 550 686 604 acetum
703 542 816 602 bibitur
835 549 865 602 et
883 544 915 601 in
929 543 1052 620 spongia
1071 559 1160 620 appo

295 646 382 708 1416.
412 637 502 695 nitur.
539 631 670 710 corymbi
693 631 820 691 hederae
839 631 904 709 poti
921 628 968 688 vel
990 629 1069 690 inliti
1093 638 1185 709 pro-⁵

296 734 383 796 1418.
412 729 490 783 sunt.
518 723 642 782 ericaeis
656 721 733 782 rasis
750 721 782 778 in
800 720 921 797 potione
941 735 1060 796 semper
1074 725 1160 779 uten-

296 822 383 885 3011.
412 810 483 870 dum
498 817 551 870 est.
579 808 702 888 pecudis
719 806 780 867 lien
794 824 901 867 recens
915 824 1008 885 super
1026 804 1163 868 dolorem

405 897 596 977 ‘extenditur,
629 897 745 956 dicente
774 914 810 955 eo
843 897 894 973 qui
926 893 1098 955 medebitur
1130 912 1162 955 sc

412 986 521 1046 lienem
534 985 662 1066 mederi,
685 982 792 1044 deinde
810 986 842 1043 in
860 985 973 1063 pariete
992 982 1162 1044 dormitorii

413 1074 543 1135 cubiculi
570 1074 697 1134 tectorio
729 1070 892 1132 includitur
923 1078 955 1131 et
980 1078 1029 1131 ter
1055 1074 1194 1133 noviesn

341 1207 346 1219 .
412 1162 603 1242 subsignatur
617 1161 779 1240 eademque
793 1159 939 1220 dicentur.
963 1161 1090 1221 caninus
1103 1159 1163 1221 lien
1204 1212 1207 1221 .

411 1255 520 1312 viventi
540 1253 678 1312 eximitur
698 1258 728 1310 et
750 1247 896 1309 laboranti
918 1250 950 1308 in
973 1247 1040 1309 cibo
1064 1248 1162 1309 datur.

332 1389 338 1413 ‚
378 1388 383 1399 .
411 1339 519 1401 liberat
537 1339 573 1399 de
592 1341 664 1398 ritio
683 1337 769 1397 lienis
793 1336 909 1398 catrdus
932 1336 1026 1397 duum
1044 1335 1164 1398 dierum

318 1433 323 1442 '
341 1471 348 1484 .
412 1427 498 1488 datus
513 1428 661 1505 ignoranti
675 1443 764 1504 aegro
778 1427 809 1485 in
824 1423 890 1485 cibo
906 1442 941 1484 ex
957 1432 1049 1486 aceto.
1081 1425 1163 1486 idem

318 1519 347 1571 ‘.
413 1522 443 1575 et
471 1514 531 1574 lien
555 1516 684 1574 erinacei
713 1521 853 1592 praestat.
890 1512 1059 1574 coclearum
1088 1515 1164 1574 cinis
1175 1522 1200 1564 1⁶

413 1621 481 1663 cum
512 1601 566 1662 lini
597 1604 709 1662 semine
738 1610 768 1662 et
799 1603 913 1663 rutinae
942 1600 1041 1662 addito
1074 1601 1163 1662 mede

318 1694 348 1746 ’.
412 1692 575 1771 imponitur
598 1691 692 1751 donec
711 1698 896 1771 persanetur.
929 1688 1039 1750 lacerta
1057 1689 1164 1751 viridis

412 1780 476 1839 viva
507 1781 539 1840 in
569 1778 625 1839 olla
657 1787 725 1839 ante
753 1777 924 1840 cubiculum
952 1777 1165 1840 dormitorium

413 1867 619 1949 suspenditur,
643 1875 676 1928 ut
699 1866 855 1945 egrediens
878 1874 908 1927 et
931 1866 1051 1926 rediens
1070 1884 1164 1928 manu

316 2003 324 2030 ‚
378 2002 384 2015 .
413 1964 520 2034 tangat.
550 1956 632 2017 sedat
650 1955 759 2016 lienem
774 1953 813 2014 iel
833 1956 897 2034 apri
910 1953 956 2014 vel
971 1956 1034 2015 suis
1046 1963 1205 2036 potumn

318 2046 348 2098 ⁶.
413 2047 525 2104 cervini
548 2063 657 2105 cornus
681 2045 757 2104 cinis
783 2050 872 2123 potus
895 2062 931 2103 ex
960 2050 1053 2104 aceto.
1092 2046 1165 2123 equi

319 2135 348 2187 ‘.
412 2130 513 2210 lingua
535 2133 698 2192 inveterata
716 2150 753 2192 ex
771 2134 840 2191 rino
863 2130 984 2191 bibitur.
1019 2149 1164 2211 praescn-

413 2227 501 2280 taneo
528 2219 661 2280 remedio
692 2220 752 2280 lien
779 2218 910 2281 bubulus
943 2237 1028 2280 assus
1054 2237 1166 2281 recens

343 2350 349 2362 .
413 2306 460 2367 rel
482 2308 577 2369 elixus
599 2311 631 2370 iu
650 2307 725 2370 cibo.
753 2307 802 2368 alii
826 2309 921 2388 capitu
934 2323 983 2368 xx
1007 2315 1074 2368 tusa
1094 2327 1167 2370 cum

217 2605 233 2653 2
253 2617 288 2654 ex
306 2616 381 2669 equa
399 2601 497 2670 tepida
514 2601 608 2657 Marc.
624 2602 702 2671 (Pu).
771 2606 788 2655 4
806 2600 922 2656 debebit
938 2617 968 2670 p:
988 2600 1073 2656 debet
1091 2602 1142 2658 do.
1160 2603 1167 2675 Ι

146 2671 298 2796 ἓρροιιίῂιιὸτ
314 2672 406 2796 φὸάἑε
425 2670 533 2754 bibitur
550 2674 669 2797 (ἐέργῃ)
689 2677 757 2797 afletip
769 2688 842 2754 corr..
857 2673 883 2727 d.
925 2677 952 2796 fi
970 2670 1168 2796 ἔοι-1111119111

149 2758 304 2891 {iddio
322 2812 347 2866 a.
375 2812 378 2880 t
403 2759 528 2871 ididei
545 2745 617 2868 (⁶f'e
637 2746 747 2869 alienia
757 2759 859 2883 &nidi
874 2745 1165 2869 1111Ὑ11ὸ·

147 2888 163 2937 9
183 2880 340 2936 dorm1torii
353 2884 384 2938 d:
404 2884 457 2939 ·rio
475 2901 500 2954 p.
567 2892 600 2940 10
618 2885 737 2940 tectorio
756 2885 786 2939 id
805 2887 848 2939 ost
866 2884 990 2954 capsella
999 2885 1029 2954 (t)
1044 2884 1140 2940 Marc.
1157 2885 1163 2956 Ι

146 2951 299 3007 includitur
312 2969 347 3008 ac.
362 2954 450 3026 licnp
469 2957 535 3024 (Pl,
551 2956 611 3025 Ml:
630 2955 788 3010 medebitur
801 2957 828 3010 d.
879 2961 911 3009 11
931 2955 1002 3009 Hans
1021 2954 1081 3024 (cic)
1100 2972 1128 3026 9.

148 3030 181 3077 12
205 3025 234 3078 et
256 3023 392 3079 liberatur
413 3027 439 3080 d.
458 3047 484 3082 v.
503 3027 522 3083 l.
543 3025 659 3081 Catulus
681 3032 728 3081 etc.
748 3027 772 3081 b.
846 3030 879 3080 13
903 3025 938 3080 de
956 3023 1027 3079 vitio
1045 3026 1098 3094 pb:
1128 3025 1165 3082 de

146 3094 213 3149 vino
232 3095 258 3148 d.
284 3096 289 3163 Ι
314 3095 401 3150 duum
418 3099 470 3167 pb:
489 3097 606 3152 duorum
625 3098 652 3152 d.
699 3102 733 3151 14
751 3099 781 3152 et
798 3099 879 3152 aceto
896 3096 977 3151 iuvat
994 3096 1019 3150 b.
1066 3101 1101 3150 15
1115 3096 1165 3151 iri-

146 3165 222 3220 nacii
239 3180 271 3290 pb,
288 3166 430 3223 herinacei
448 3169 474 3223 d.
548 3173 583 3224 ld
602 3185 666 3222 cum
684 3168 770 3250 linit
835 3167 940 3221 semine
959 3167 989 3248 eb
1005 3166 1094 3221 ultice
1113 3168 1150 3235 (⁶

147 3239 381 3378 1111
401 3239 624 3378 turma:
651 3310 654 3375 .
684 3245 878 3365 tumn
891 3238 1166 3378 truttam

147 3380 365 3447 tritantur.
429 3380 675 3450 1out9d=eto
749 3378 1128 3449 20sedut(pb):S;cdd.

182 3455 216 3503 22
235 3449 327 3505 bibita
344 3450 428 3507 valet.
448 3450 472 3506 b.
541 3456 575 3505 23
594 3451 671 3521 lyeni
689 3451 712 3506 b.
739 3451 743 3519 1
767 3450 880 3506 bibulus
897 3451 924 3504 d.
