<?xml version="1.0" encoding="UTF-8"?>
<!DOCTYPE html PUBLIC "-//W3C//DTD XHTML 1.0 Transitional//EN"
    "http://www.w3.org/TR/xhtml1/DTD/xhtml1-transitional.dtd">
<html xmlns="http://www.w3.org/1999/xhtml" xml:lang="en" lang="en">
 <head>
  <title>
</title>
<meta http-equiv="Content-Type" content="text/html;charset=utf-8" />
  <meta name='ocr-system' content='tesseract 3.04.00' />
  <meta name='ocr-capabilities' content='ocr_page ocr_carea ocr_par ocr_line ocrx_word'/>
</head>
<body>
  <div class='ocr_page' id='page_1' title='image "./pliniisecundiqu00plingoog_0222.png"; bbox 0 0 2416 3802; ppageno 0'>
   <div class='ocr_carea' id='block_1_1' title="bbox 484 201 725 266">
    <p class='ocr_par' dir='ltr' id='par_1_1' title="bbox 484 201 725 266">
     <span class='ocr_line' id='line_1_1' title="bbox 484 201 725 266; baseline 0 -1"><span class='ocrx_word' id='word_1_1' title='bbox 484 201 725 266; x_wconf 76' lang='grc'><strong>-215-</strong></span> 
     </span>
    </p>
   </div>
   <div class='ocr_carea' id='block_1_2' title="bbox 76 357 580 3608">
    <p class='ocr_par' dir='ltr' id='par_1_2' title="bbox 92 357 575 484">
     <span class='ocr_line' id='line_1_2' title="bbox 92 357 575 428; baseline 0 -16"><span class='ocrx_word' id='word_1_2' title='bbox 92 357 111 412; x_wconf 84' lang='grc'>1</span> <span class='ocrx_word' id='word_1_3' title='bbox 126 360 210 428; x_wconf 75' lang='lat' dir='ltr'>proi</span> <span class='ocrx_word' id='word_1_4' title='bbox 227 359 379 427; x_wconf 74' lang='lat' dir='ltr'>urclutypi:</span> <span class='ocrx_word' id='word_1_5' title='bbox 398 357 473 412; x_wconf 88' lang='lat' dir='ltr'>idern</span> <span class='ocrx_word' id='word_1_6' title='bbox 488 362 513 411; x_wconf 82' lang='grc'>0</span> <span class='ocrx_word' id='word_1_7' title='bbox 531 359 575 412; x_wconf 82' lang='lat' dir='ltr'>tu-</span> 
     </span>
     <span class='ocr_line' id='line_1_3' title="bbox 108 427 270 484; baseline 0.006 -1"><span class='ocrx_word' id='word_1_8' title='bbox 108 427 208 484; x_wconf 87' lang='lat' dir='ltr'>mendi</span> <span class='ocrx_word' id='word_1_9' title='bbox 226 435 270 484; x_wconf 98' lang='grc'>49.</span> 
     </span>
    </p>

    <p class='ocr_par' dir='ltr' id='par_1_3' title="bbox 94 498 576 784">
     <span class='ocr_line' id='line_1_4' title="bbox 94 498 576 570; baseline -0.002 -15"><span class='ocrx_word' id='word_1_10' title='bbox 94 498 270 570; x_wconf 78' lang='lat' dir='ltr'>dacrydlnm</span> <span class='ocrx_word' id='word_1_11' title='bbox 278 517 297 570; x_wconf 93' lang='grc'><strong>9</strong></span> <span class='ocrx_word' id='word_1_12' title='bbox 311 501 371 569; x_wconf 83' lang='lat' dir='ltr'>(rec.</span> <span class='ocrx_word' id='word_1_13' title='bbox 386 499 576 570; x_wconf 85' lang='lat' dir='ltr'>diagridiuml</span> 
     </span>
     <span class='ocr_line' id='line_1_5' title="bbox 111 570 575 626; baseline -0.002 1"><span class='ocrx_word' id='word_1_14' title='bbox 111 595 146 618; x_wconf 61' lang='grc' dir='ltr'>ι</span> <span class='ocrx_word' id='word_1_15' title='bbox 176 586 258 626; x_wconf 70' lang='lat' dir='ltr'>sauss</span> <span class='ocrx_word' id='word_1_16' title='bbox 288 573 470 626; x_wconf 77' lang='lat' dir='ltr'>scammoniae</span> <span class='ocrx_word' id='word_1_17' title='bbox 501 570 575 626; x_wconf 82' lang='grc'><strong>0001.</strong></span> 
     </span>
     <span class='ocr_line' id='line_1_6' title="bbox 110 641 574 712; baseline 0.002 -17"><span class='ocrx_word' id='word_1_18' title='bbox 110 643 183 698; x_wconf 76' lang='lat' dir='ltr'>Aur.</span> <span class='ocrx_word' id='word_1_19' title='bbox 203 660 233 712; x_wconf 77' lang='grc'>9.</span> <span class='ocrx_word' id='word_1_20' title='bbox 253 648 358 698; x_wconf 79' lang='grc'><strong>69143.</strong></span> <span class='ocrx_word' id='word_1_21' title='bbox 391 642 488 696; x_wconf 78' lang='lat' dir='ltr'>Simon</span> <span class='ocrx_word' id='word_1_22' title='bbox 506 641 574 696; x_wconf 80' lang='lat' dir='ltr'>Juu.</span> 
     </span>
     <span class='ocr_line' id='line_1_7' title="bbox 110 715 441 784; baseline 0.003 -17"><span class='ocrx_word' id='word_1_23' title='bbox 110 729 132 767; x_wconf 81' lang='lat' dir='ltr'>e.</span> <span class='ocrx_word' id='word_1_24' title='bbox 150 730 176 768; x_wconf 90' lang='grc'>0.</span> <span class='ocrx_word' id='word_1_25' title='bbox 197 715 379 784; x_wconf 70' lang='lat' dir='ltr'>diagridium)</span> <span class='ocrx_word' id='word_1_26' title='bbox 397 719 441 768; x_wconf 83' lang='lat'>30.</span> 
     </span>
    </p>

    <p class='ocr_par' dir='ltr' id='par_1_4' title="bbox 88 782 473 854">
     <span class='ocr_line' id='line_1_8' title="bbox 88 782 473 854; baseline 0 -17"><span class='ocrx_word' id='word_1_27' title='bbox 88 782 186 840; x_wconf 73' lang='lat' dir='ltr'>datur</span> <span class='ocrx_word' id='word_1_28' title='bbox 203 784 367 854; x_wconf 75' lang='lat' dir='ltr'>intellegere</span> <span class='ocrx_word' id='word_1_29' title='bbox 386 789 473 838; x_wconf 78' lang='grc'><strong>2528.</strong></span> 
     </span>
    </p>

    <p class='ocr_par' dir='ltr' id='par_1_5' title="bbox 87 853 575 996">
     <span class='ocr_line' id='line_1_9' title="bbox 87 853 575 910; baseline -0.004 0"><span class='ocrx_word' id='word_1_30' title='bbox 87 853 130 910; x_wconf 78' lang='lat' dir='ltr'>de</span> <span class='ocrx_word' id='word_1_31' title='bbox 203 871 249 910; x_wconf 74' lang='lat' dir='ltr'>cx:</span> <span class='ocrx_word' id='word_1_32' title='bbox 268 855 304 910; x_wconf 90' lang='lat' dir='ltr'>de</span> <span class='ocrx_word' id='word_1_33' title='bbox 313 856 459 910; x_wconf 73' lang='lat' dir='ltr'>stomacho</span> <span class='ocrx_word' id='word_1_34' title='bbox 478 854 575 909; x_wconf 72' lang='lat' dir='ltr'>ructus</span> 
     </span>
     <span class='ocr_line' id='line_1_10' title="bbox 111 925 575 996; baseline -0.004 -15"><span class='ocrx_word' id='word_1_35' title='bbox 111 925 236 982; x_wconf 85' lang='lat' dir='ltr'>cicerel.</span> <span class='ocrx_word' id='word_1_36' title='bbox 255 925 575 996; x_wconf 69' lang='lat' dir='ltr'>deindioiocolligerei.</span> 
     </span>
    </p>

    <p class='ocr_par' dir='ltr' id='par_1_6' title="bbox 77 996 576 1346">
     <span class='ocr_line' id='line_1_11' title="bbox 77 996 574 1052; baseline 0.002 -2"><span class='ocrx_word' id='word_1_37' title='bbox 77 1022 82 1028; x_wconf 93' lang='lat'>·</span> <span class='ocrx_word' id='word_1_38' title='bbox 111 996 148 1051; x_wconf 91' lang='lat' dir='ltr'>de</span> <span class='ocrx_word' id='word_1_39' title='bbox 169 996 276 1052; x_wconf 87' lang='lat' dir='ltr'>auxilio</span> <span class='ocrx_word' id='word_1_40' title='bbox 303 996 365 1051; x_wconf 85' lang='lat' dir='ltr'>fieri</span> <span class='ocrx_word' id='word_1_41' title='bbox 386 1013 526 1052; x_wconf 83' lang='lat' dir='ltr'>venenum</span> <span class='ocrx_word' id='word_1_42' title='bbox 550 1003 574 1051; x_wconf 85' lang='lat'>3.</span> 
     </span>
     <span class='ocr_line' id='line_1_12' title="bbox 112 1067 576 1138; baseline 0.002 -16"><span class='ocrx_word' id='word_1_43' title='bbox 112 1068 280 1137; x_wconf 78' lang='lat' dir='ltr'>compositio</span> <span class='ocrx_word' id='word_1_44' title='bbox 297 1069 332 1123; x_wconf 91' lang='lat' dir='ltr'>de</span> <span class='ocrx_word' id='word_1_45' title='bbox 346 1067 455 1138; x_wconf 83' lang='lat' dir='ltr'>punicis</span> <span class='ocrx_word' id='word_1_46' title='bbox 469 1074 512 1122; x_wconf 90' lang='lat'>41.</span> <span class='ocrx_word' id='word_1_47' title='bbox 541 1067 576 1123; x_wconf 90' lang='lat' dir='ltr'>de</span> 
     </span>
     <span class='ocr_line' id='line_1_13' title="bbox 112 1137 575 1209; baseline 0 -17"><span class='ocrx_word' id='word_1_48' title='bbox 112 1138 300 1209; x_wconf 85' lang='lat' dir='ltr'>superioribus</span> <span class='ocrx_word' id='word_1_49' title='bbox 323 1137 440 1209; x_wconf 84' lang='lat' dir='ltr'>singulis</span> <span class='ocrx_word' id='word_1_50' title='bbox 465 1155 575 1208; x_wconf 87' lang='lat' dir='ltr'>compo-</span> 
     </span>
     <span class='ocr_line' id='line_1_14' title="bbox 112 1209 576 1278; baseline 0 -15"><span class='ocrx_word' id='word_1_51' title='bbox 112 1209 168 1265; x_wconf 77' lang='lat' dir='ltr'>sita</span> <span class='ocrx_word' id='word_1_52' title='bbox 182 1215 225 1263; x_wconf 92' lang='lat'>41.</span> <span class='ocrx_word' id='word_1_53' title='bbox 250 1211 410 1278; x_wconf 78' lang='lat' dir='ltr'>(sumuntur</span> <span class='ocrx_word' id='word_1_54' title='bbox 422 1210 526 1266; x_wconf 79' lang='lat' dir='ltr'>herbae</span> <span class='ocrx_word' id='word_1_55' title='bbox 541 1209 576 1264; x_wconf 90' lang='lat' dir='ltr'>de</span> 
     </span>
     <span class='ocr_line' id='line_1_15' title="bbox 112 1280 268 1346; baseline 0.019 -13"><span class='ocrx_word' id='word_1_56' title='bbox 112 1280 195 1336; x_wconf 74' lang='lat' dir='ltr'>horto</span> <span class='ocrx_word' id='word_1_57' title='bbox 214 1285 268 1346; x_wconf 86' lang='grc'><strong>62).</strong></span> 
     </span>
    </p>

    <p class='ocr_par' dir='ltr' id='par_1_7' title="bbox 87 1351 577 1692">
     <span class='ocr_line' id='line_1_16' title="bbox 107 1351 575 1420; baseline 0 -14"><span class='ocrx_word' id='word_1_58' title='bbox 107 1367 162 1420; x_wconf 81' lang='lat' dir='ltr'>pro</span> <span class='ocrx_word' id='word_1_59' title='bbox 181 1353 236 1406; x_wconf 85' lang='grc'><strong>001.</strong></span> <span class='ocrx_word' id='word_1_60' title='bbox 254 1353 347 1407; x_wconf 61' lang='lat' dir='ltr'>iente:</span> <span class='ocrx_word' id='word_1_61' title='bbox 372 1352 407 1406; x_wconf 89' lang='lat' dir='ltr'>de</span> <span class='ocrx_word' id='word_1_62' title='bbox 425 1369 476 1406; x_wconf 84' lang='lat' dir='ltr'>usu</span> <span class='ocrx_word' id='word_1_63' title='bbox 494 1351 575 1407; x_wconf 78' lang='lat' dir='ltr'>intel-</span> 
     </span>
     <span class='ocr_line' id='line_1_17' title="bbox 87 1421 576 1493; baseline 0.002 -17"><span class='ocrx_word' id='word_1_64' title='bbox 87 1421 206 1493; x_wconf 86' lang='lat' dir='ltr'>·legere</span> <span class='ocrx_word' id='word_1_65' title='bbox 225 1429 249 1477; x_wconf 92' lang='lat'>1.</span> <span class='ocrx_word' id='word_1_66' title='bbox 277 1423 425 1479; x_wconf 87' lang='lat' dir='ltr'>deradice</span> <span class='ocrx_word' id='word_1_67' title='bbox 443 1422 532 1493; x_wconf 86' lang='lat' dir='ltr'>polire</span> <span class='ocrx_word' id='word_1_68' title='bbox 552 1429 576 1477; x_wconf 86' lang='lat'>1.</span> 
     </span>
     <span class='ocr_line' id='line_1_18' title="bbox 113 1493 577 1563; baseline 0.002 -16"><span class='ocrx_word' id='word_1_69' title='bbox 113 1493 147 1549; x_wconf 86' lang='lat' dir='ltr'>de</span> <span class='ocrx_word' id='word_1_70' title='bbox 165 1495 279 1549; x_wconf 88' lang='lat' dir='ltr'>nomine</span> <span class='ocrx_word' id='word_1_71' title='bbox 297 1493 412 1563; x_wconf 84' lang='lat' dir='ltr'>gloriari</span> <span class='ocrx_word' id='word_1_72' title='bbox 426 1499 451 1548; x_wconf 86' lang='lat'>3.</span> <span class='ocrx_word' id='word_1_73' title='bbox 480 1494 514 1548; x_wconf 89' lang='lat' dir='ltr'>de</span> <span class='ocrx_word' id='word_1_74' title='bbox 533 1495 577 1548; x_wconf 79' lang='lat' dir='ltr'>iu·</span> 
     </span>
     <span class='ocr_line' id='line_1_19' title="bbox 112 1564 576 1620; baseline 0 -1"><span class='ocrx_word' id='word_1_75' title='bbox 112 1581 191 1620; x_wconf 87' lang='lat' dir='ltr'>more</span> <span class='ocrx_word' id='word_1_76' title='bbox 219 1564 330 1620; x_wconf 76' lang='lat' dir='ltr'>sublata</span> <span class='ocrx_word' id='word_1_77' title='bbox 353 1571 395 1620; x_wconf 94' lang='grc'>40.</span> <span class='ocrx_word' id='word_1_78' title='bbox 432 1565 467 1620; x_wconf 90' lang='lat' dir='ltr'>de</span> <span class='ocrx_word' id='word_1_79' title='bbox 491 1564 576 1620; x_wconf 88' lang='lat' dir='ltr'>odore</span> 
     </span>
     <span class='ocr_line' id='line_1_20' title="bbox 112 1635 273 1692; baseline -0.012 0"><span class='ocrx_word' id='word_1_80' title='bbox 112 1635 212 1692; x_wconf 76' lang='lat' dir='ltr'>testard</span> <span class='ocrx_word' id='word_1_81' title='bbox 229 1641 273 1690; x_wconf 84' lang='grc'>45.</span> 
     </span>
    </p>

    <p class='ocr_par' dir='ltr' id='par_1_8' title="bbox 87 1707 578 2288">
     <span class='ocr_line' id='line_1_21' title="bbox 107 1707 576 1777; baseline -0.004 -15"><span class='ocrx_word' id='word_1_82' title='bbox 107 1722 162 1775; x_wconf 75' lang='lat' dir='ltr'>pro</span> <span class='ocrx_word' id='word_1_83' title='bbox 176 1709 273 1776; x_wconf 61' lang='lat' dir='ltr'>ysaia:</span> <span class='ocrx_word' id='word_1_84' title='bbox 289 1707 397 1777; x_wconf 87' lang='lat' dir='ltr'>aliquid</span> <span class='ocrx_word' id='word_1_85' title='bbox 412 1708 447 1762; x_wconf 91' lang='lat' dir='ltr'>de</span> <span class='ocrx_word' id='word_1_86' title='bbox 461 1722 576 1761; x_wconf 83' lang='lat' dir='ltr'>consue·</span> 
     </span>
     <span class='ocr_line' id='line_1_22' title="bbox 109 1776 576 1847; baseline -0.004 -15"><span class='ocrx_word' id='word_1_87' title='bbox 109 1777 211 1832; x_wconf 80' lang='lat' dir='ltr'>tudine</span> <span class='ocrx_word' id='word_1_88' title='bbox 237 1776 377 1832; x_wconf 76' lang='lat' dir='ltr'>inmutare</span> <span class='ocrx_word' id='word_1_89' title='bbox 405 1782 447 1831; x_wconf 88' lang='lat'>30.</span> <span class='ocrx_word' id='word_1_90' title='bbox 490 1777 576 1847; x_wconf 79' lang='lat' dir='ltr'>pluri·</span> 
     </span>
     <span class='ocr_line' id='line_1_23' title="bbox 107 1848 576 1918; baseline -0.002 -14"><span class='ocrx_word' id='word_1_91' title='bbox 107 1865 190 1904; x_wconf 86' lang='lat' dir='ltr'>mum</span> <span class='ocrx_word' id='word_1_92' title='bbox 204 1849 240 1904; x_wconf 91' lang='lat' dir='ltr'>de</span> <span class='ocrx_word' id='word_1_93' title='bbox 253 1848 345 1918; x_wconf 86' lang='lat' dir='ltr'>rigore</span> <span class='ocrx_word' id='word_1_94' title='bbox 364 1849 519 1917; x_wconf 84' lang='lat' dir='ltr'>decoquere</span> <span class='ocrx_word' id='word_1_95' title='bbox 533 1854 576 1904; x_wconf 89' lang='grc'>59.</span> 
     </span>
     <span class='ocr_line' id='line_1_24' title="bbox 89 1913 541 1990; baseline 0.002 -18"><span class='ocrx_word' id='word_1_96' title='bbox 89 1913 269 1976; x_wconf 75' lang='lat' dir='ltr'>deformare</span> <span class='ocrx_word' id='word_1_97' title='bbox 286 1921 317 1974; x_wconf 91' lang='lat' dir='ltr'>in</span> <span class='ocrx_word' id='word_1_98' title='bbox 334 1920 437 1990; x_wconf 79' lang='lat' dir='ltr'>pilulae</span> <span class='ocrx_word' id='word_1_99' title='bbox 457 1926 481 1975; x_wconf 92' lang='grc'>2.</span> <span class='ocrx_word' id='word_1_100' title='bbox 497 1924 541 1974; x_wconf 87' lang='grc'>30.</span> 
     </span>
     <span class='ocr_line' id='line_1_25' title="bbox 87 1985 576 2061; baseline -0.008 -13"><span class='ocrx_word' id='word_1_101' title='bbox 87 1985 226 2059; x_wconf 67' lang='lat' dir='ltr'>demque</span> <span class='ocrx_word' id='word_1_102' title='bbox 249 1995 276 2061; x_wconf 77' lang='grc'>(1</span> <span class='ocrx_word' id='word_1_103' title='bbox 296 1991 372 2047; x_wconf 83' lang='lat' dir='ltr'>codd.</span> <span class='ocrx_word' id='word_1_104' title='bbox 391 1991 523 2060; x_wconf 89' lang='lat' dir='ltr'>denique)</span> <span class='ocrx_word' id='word_1_105' title='bbox 543 2017 576 2037; x_wconf 94' lang='lat'><em>=</em></span> 
     </span>
     <span class='ocr_line' id='line_1_26' title="bbox 101 2061 576 2132; baseline -0.006 -13"><span class='ocrx_word' id='word_1_106' title='bbox 101 2061 260 2132; x_wconf 77' lang='lat' dir='ltr'>indeque,</span> <span class='ocrx_word' id='word_1_107' title='bbox 278 2061 399 2131; x_wconf 86' lang='lat' dir='ltr'>ideoque</span> <span class='ocrx_word' id='word_1_108' title='bbox 414 2067 457 2116; x_wconf 87' lang='grc'>45.</span> <span class='ocrx_word' id='word_1_109' title='bbox 481 2063 528 2116; x_wconf 80' lang='lat' dir='ltr'>ced</span> <span class='ocrx_word' id='word_1_110' title='bbox 541 2063 576 2130; x_wconf 73' lang='lat' dir='ltr'>cf.</span> 
     </span>
     <span class='ocr_line' id='line_1_27' title="bbox 103 2131 578 2202; baseline -0.008 -12"><span class='ocrx_word' id='word_1_111' title='bbox 103 2131 234 2202; x_wconf 86' lang='lat' dir='ltr'>denique</span> <span class='ocrx_word' id='word_1_112' title='bbox 257 2139 300 2188; x_wconf 89' lang='grc'>49.</span> <span class='ocrx_word' id='word_1_113' title='bbox 341 2133 376 2200; x_wconf 76' lang='lat' dir='ltr'>cf.</span> <span class='ocrx_word' id='word_1_114' title='bbox 403 2134 485 2188; x_wconf 80' lang='lat' dir='ltr'>etiam</span> <span class='ocrx_word' id='word_1_115' title='bbox 512 2132 578 2187; x_wconf 91' lang='lat' dir='ltr'>inde</span> 
     </span>
     <span class='ocr_line' id='line_1_28' title="bbox 104 2203 462 2288; baseline 0 -29"><span class='ocrx_word' id='word_1_116' title='bbox 104 2203 190 2276; x_wconf 86' lang='lat' dir='ltr'>quod</span> <span class='ocrx_word' id='word_1_117' title='bbox 209 2228 243 2249; x_wconf 71' lang='lat' dir='ltr'>a</span> <span class='ocrx_word' id='word_1_118' title='bbox 260 2204 325 2260; x_wconf 91' lang='lat' dir='ltr'>ideo</span> <span class='ocrx_word' id='word_1_119' title='bbox 343 2204 419 2288; x_wconf 78' lang='lat' dir='ltr'>quod</span> <span class='ocrx_word' id='word_1_120' title='bbox 437 2210 462 2259; x_wconf 90' lang='lat'>4.</span> 
     </span>
    </p>

    <p class='ocr_par' dir='ltr' id='par_1_9' title="bbox 76 2270 578 2488">
     <span class='ocr_line' id='line_1_29' title="bbox 76 2270 578 2332; baseline -0.006 -1"><span class='ocrx_word' id='word_1_121' title='bbox 76 2270 249 2332; x_wconf 64' lang='lat' dir='ltr'>deleniret</span> <span class='ocrx_word' id='word_1_122' title='bbox 277 2273 378 2330; x_wconf 73' lang='lat' dir='ltr'>delinri</span> <span class='ocrx_word' id='word_1_123' title='bbox 406 2275 479 2330; x_wconf 85' lang='lat' dir='ltr'>sedis</span> <span class='ocrx_word' id='word_1_124' title='bbox 507 2274 578 2329; x_wconf 81' lang='lat' dir='ltr'>vitia</span> 
     </span>
     <span class='ocr_line' id='line_1_30' title="bbox 104 2345 576 2418; baseline -0.006 -16"><span class='ocrx_word' id='word_1_125' title='bbox 104 2364 151 2418; x_wconf 97' lang='grc'>90</span> <span class='ocrx_word' id='word_1_126' title='bbox 165 2352 211 2402; x_wconf 88' lang='grc'>43.</span> <span class='ocrx_word' id='word_1_127' title='bbox 233 2345 372 2401; x_wconf 69' lang='lat' dir='ltr'>deliniunt</span> <span class='ocrx_word' id='word_1_128' title='bbox 385 2363 403 2416; x_wconf 94' lang='grc'><strong>9</strong></span> <span class='ocrx_word' id='word_1_129' title='bbox 417 2349 484 2415; x_wconf 88' lang='grc'><strong>(000</strong></span> <span class='ocrx_word' id='word_1_130' title='bbox 495 2350 523 2413; x_wconf 90' lang='grc'>0)</span> <span class='ocrx_word' id='word_1_131' title='bbox 534 2350 576 2400; x_wconf 95' lang='grc'>50.</span> 
     </span>
     <span class='ocr_line' id='line_1_31' title="bbox 107 2415 577 2488; baseline 0 -17"><span class='ocrx_word' id='word_1_132' title='bbox 107 2418 148 2487; x_wconf 75' lang='lat' dir='ltr'>cf.</span> <span class='ocrx_word' id='word_1_133' title='bbox 167 2415 246 2471; x_wconf 85' lang='lat' dir='ltr'>liniri</span> <span class='ocrx_word' id='word_1_134' title='bbox 262 2426 300 2488; x_wconf 83' lang='grc'>90</span> <span class='ocrx_word' id='word_1_135' title='bbox 316 2434 369 2486; x_wconf 74' lang='lat' dir='ltr'>pro</span> <span class='ocrx_word' id='word_1_136' title='bbox 382 2417 465 2472; x_wconf 89' lang='lat' dir='ltr'>leniri</span> <span class='ocrx_word' id='word_1_137' title='bbox 482 2418 520 2473; x_wconf 79' lang='lat' dir='ltr'>ib.</span> <span class='ocrx_word' id='word_1_138' title='bbox 534 2423 577 2471; x_wconf 89' lang='grc'>43.</span> 
     </span>
    </p>

    <p class='ocr_par' dir='ltr' id='par_1_10' title="bbox 79 2487 579 2686">
     <span class='ocr_line' id='line_1_32' title="bbox 79 2487 460 2558; baseline 0 -14"><span class='ocrx_word' id='word_1_139' title='bbox 79 2487 304 2558; x_wconf 78' lang='lat' dir='ltr'>despumatum</span> <span class='ocrx_word' id='word_1_140' title='bbox 323 2488 400 2557; x_wconf 87' lang='lat' dir='ltr'>(mel)</span> <span class='ocrx_word' id='word_1_141' title='bbox 418 2495 460 2544; x_wconf 86' lang='grc'>45.</span> 
     </span>
     <span class='ocr_line' id='line_1_33' title="bbox 80 2556 579 2630; baseline -0.004 -15"><span class='ocrx_word' id='word_1_142' title='bbox 80 2556 579 2630; x_wconf 74' lang='lat' dir='ltr'>detinero(=sislcre)sanguinem</span> 
     </span>
     <span class='ocr_line' id='line_1_34' title="bbox 109 2630 428 2686; baseline 0.006 -2"><span class='ocrx_word' id='word_1_143' title='bbox 109 2637 158 2685; x_wconf 91' lang='grc'>21.</span> <span class='ocrx_word' id='word_1_144' title='bbox 178 2636 222 2686; x_wconf 88' lang='grc'>52.</span> <span class='ocrx_word' id='word_1_145' title='bbox 254 2630 367 2686; x_wconf 86' lang='lat' dir='ltr'>sudores</span> <span class='ocrx_word' id='word_1_146' title='bbox 385 2637 428 2686; x_wconf 82' lang='lat'>43.</span> 
     </span>
    </p>

    <p class='ocr_par' dir='ltr' id='par_1_11' title="bbox 86 2700 578 3198">
     <span class='ocr_line' id='line_1_35' title="bbox 86 2700 578 2758; baseline -0.002 -2"><span class='ocrx_word' id='word_1_147' title='bbox 86 2702 162 2756; x_wconf 70' lang='lat' dir='ltr'>dlar</span> <span class='ocrx_word' id='word_1_148' title='bbox 190 2700 424 2758; x_wconf 83' lang='lat' dir='ltr'>diacalaminthes</span> <span class='ocrx_word' id='word_1_149' title='bbox 443 2707 485 2758; x_wconf 90' lang='grc'>23.</span> <span class='ocrx_word' id='word_1_150' title='bbox 519 2701 578 2755; x_wconf 92' lang='lat' dir='ltr'>dia-</span> 
     </span>
     <span class='ocr_line' id='line_1_36' title="bbox 111 2771 577 2829; baseline 0.002 -2"><span class='ocrx_word' id='word_1_151' title='bbox 111 2772 242 2828; x_wconf 82' lang='lat' dir='ltr'>cerasion</span> <span class='ocrx_word' id='word_1_152' title='bbox 269 2779 311 2829; x_wconf 87' lang='grc'>52.</span> <span class='ocrx_word' id='word_1_153' title='bbox 357 2771 507 2827; x_wconf 75' lang='lat' dir='ltr'><strong>diacodion</strong></span> <span class='ocrx_word' id='word_1_154' title='bbox 534 2777 577 2828; x_wconf 90' lang='grc'>21.</span> 
     </span>
     <span class='ocr_line' id='line_1_37' title="bbox 111 2843 577 2914; baseline 0.004 -16"><span class='ocrx_word' id='word_1_155' title='bbox 111 2844 293 2914; x_wconf 85' lang='lat' dir='ltr'>diapeganon</span> <span class='ocrx_word' id='word_1_156' title='bbox 306 2851 331 2899; x_wconf 89' lang='grc'>3.</span> <span class='ocrx_word' id='word_1_157' title='bbox 359 2843 520 2914; x_wconf 87' lang='lat' dir='ltr'>diaprasion</span> <span class='ocrx_word' id='word_1_158' title='bbox 535 2848 577 2900; x_wconf 93' lang='grc'>45.</span> 
     </span>
     <span class='ocr_line' id='line_1_38' title="bbox 112 2913 577 2985; baseline 0.002 -17"><span class='ocrx_word' id='word_1_159' title='bbox 112 2944 149 2955; x_wconf 92' lang='lat'>-</span> <span class='ocrx_word' id='word_1_160' title='bbox 168 2913 216 2969; x_wconf 87' lang='lat' dir='ltr'>dia</span> <span class='ocrx_word' id='word_1_161' title='bbox 233 2915 403 2985; x_wconf 80' lang='lat' dir='ltr'>amygdalon</span> <span class='ocrx_word' id='word_1_162' title='bbox 422 2915 521 2984; x_wconf 86' lang='lat' dir='ltr'>picron</span> <span class='ocrx_word' id='word_1_163' title='bbox 534 2920 577 2970; x_wconf 93' lang='grc'>53.</span> 
     </span>
     <span class='ocr_line' id='line_1_39' title="bbox 92 2984 507 3055; baseline 0.002 -16"><span class='ocrx_word' id='word_1_164' title='bbox 92 2985 162 3040; x_wconf 72' lang='lat' dir='ltr'>dlez</span> <span class='ocrx_word' id='word_1_165' title='bbox 181 2984 224 3040; x_wconf 89' lang='lat' dir='ltr'>bis</span> <span class='ocrx_word' id='word_1_166' title='bbox 242 2985 294 3055; x_wconf 91' lang='lat' dir='ltr'>(in)</span> <span class='ocrx_word' id='word_1_167' title='bbox 312 2986 358 3041; x_wconf 90' lang='lat' dir='ltr'>die</span> <span class='ocrx_word' id='word_1_168' title='bbox 375 2987 445 3055; x_wconf 89' lang='grc'><strong>9(0)</strong></span> <span class='ocrx_word' id='word_1_169' title='bbox 464 2992 507 3040; x_wconf 92' lang='grc'>31.</span> 
     </span>
     <span class='ocr_line' id='line_1_40' title="bbox 93 3055 563 3118; baseline 0.002 -7"><span class='ocrx_word' id='word_1_170' title='bbox 93 3056 284 3118; x_wconf 77' lang='lat' dir='ltr'>dlosoorldes</span> <span class='ocrx_word' id='word_1_171' title='bbox 321 3058 362 3112; x_wconf 80' lang='lat' dir='ltr'>ccl</span> <span class='ocrx_word' id='word_1_172' title='bbox 398 3055 563 3112; x_wconf 78' lang='lat' dir='ltr'>dioscoridis</span> 
     </span>
     <span class='ocr_line' id='line_1_41' title="bbox 114 3129 371 3198; baseline 0.004 -17"><span class='ocrx_word' id='word_1_173' title='bbox 114 3129 209 3196; x_wconf 84' lang='grc'><strong>(000.)</strong></span> <span class='ocrx_word' id='word_1_174' title='bbox 222 3129 329 3197; x_wconf 63' lang='lat' dir='ltr'>pnsum</span> <span class='ocrx_word' id='word_1_175' title='bbox 346 3144 371 3198; x_wconf 91' lang='grc'>9.</span> 
     </span>
    </p>

    <p class='ocr_par' dir='ltr' id='par_1_12' title="bbox 94 3197 580 3608">
     <span class='ocr_line' id='line_1_42' title="bbox 94 3197 580 3270; baseline 0 -18"><span class='ocrx_word' id='word_1_176' title='bbox 94 3197 249 3254; x_wconf 82' lang='lat' dir='ltr'>discoctae</span> <span class='ocrx_word' id='word_1_177' title='bbox 268 3200 329 3266; x_wconf 79' lang='lat' dir='ltr'>(hoc</span> <span class='ocrx_word' id='word_1_178' title='bbox 341 3215 444 3270; x_wconf 67' lang='grc'><strong>00000</strong></span> <span class='ocrx_word' id='word_1_179' title='bbox 461 3199 518 3267; x_wconf 80' lang='lat' dir='ltr'>fere</span> <span class='ocrx_word' id='word_1_180' title='bbox 531 3199 580 3252; x_wconf 84' lang='lat' dir='ltr'>ubi</span> 
     </span>
     <span class='ocr_line' id='line_1_43' title="bbox 112 3268 578 3339; baseline -0.002 -15"><span class='ocrx_word' id='word_1_181' title='bbox 112 3284 169 3324; x_wconf 86' lang='grc'>000</span> <span class='ocrx_word' id='word_1_182' title='bbox 184 3271 336 3339; x_wconf 65' lang='lat' dir='ltr'>exemptus</span> <span class='ocrx_word' id='word_1_183' title='bbox 351 3270 476 3335; x_wconf 73' lang='lat' dir='ltr'>Plinius)</span> <span class='ocrx_word' id='word_1_184' title='bbox 493 3273 518 3323; x_wconf 82' lang='lat' dir='ltr'>et</span> <span class='ocrx_word' id='word_1_185' title='bbox 532 3268 578 3323; x_wconf 89' lang='lat' dir='ltr'>de·</span> 
     </span>
     <span class='ocr_line' id='line_1_44' title="bbox 113 3340 580 3411; baseline 0 -17"><span class='ocrx_word' id='word_1_186' title='bbox 113 3344 211 3395; x_wconf 78' lang='lat' dir='ltr'>coctus</span> <span class='ocrx_word' id='word_1_187' title='bbox 221 3357 307 3411; x_wconf 79' lang='lat' dir='ltr'>caepe.</span> <span class='ocrx_word' id='word_1_188' title='bbox 332 3358 353 3396; x_wconf 87' lang='lat' dir='ltr'>c.</span> <span class='ocrx_word' id='word_1_189' title='bbox 367 3357 392 3410; x_wconf 91' lang='grc'>9.</span> <span class='ocrx_word' id='word_1_190' title='bbox 408 3341 442 3406; x_wconf 81' lang='lat' dir='ltr'>cf.</span> <span class='ocrx_word' id='word_1_191' title='bbox 457 3345 491 3394; x_wconf 89' lang='lat'>40</span> <span class='ocrx_word' id='word_1_192' title='bbox 506 3340 580 3408; x_wconf 88' lang='lat' dir='ltr'>(pira</span> 
     </span>
     <span class='ocr_line' id='line_1_45' title="bbox 112 3412 578 3479; baseline -0.002 -12"><span class='ocrx_word' id='word_1_193' title='bbox 112 3413 240 3467; x_wconf 80' lang='lat' dir='ltr'>discocta</span> <span class='ocrx_word' id='word_1_194' title='bbox 310 3412 380 3466; x_wconf 80' lang='lat' dir='ltr'>folia</span> <span class='ocrx_word' id='word_1_195' title='bbox 398 3412 530 3479; x_wconf 74' lang='lat' dir='ltr'>decocta).</span> <span class='ocrx_word' id='word_1_196' title='bbox 545 3441 578 3450; x_wconf 86' lang='lat'><em>-</em></span> 
     </span>
     <span class='ocr_line' id='line_1_46' title="bbox 113 3482 579 3608; baseline -0.004 -70"><span class='ocrx_word' id='word_1_197' title='bbox 113 3483 241 3608; x_wconf 48' lang='grc' dir='ltr'>ᾞῗοσοῐα</span> <span class='ocrx_word' id='word_1_198' title='bbox 257 3484 291 3554; x_wconf 83' lang='grc'>91</span> <span class='ocrx_word' id='word_1_199' title='bbox 309 3489 344 3537; x_wconf 90' lang='grc'>30</span> <span class='ocrx_word' id='word_1_200' title='bbox 367 3483 417 3537; x_wconf 80' lang='lat' dir='ltr'>ubi</span> <span class='ocrx_word' id='word_1_201' title='bbox 434 3482 478 3537; x_wconf 87' lang='lat' dir='ltr'>bis</span> <span class='ocrx_word' id='word_1_202' title='bbox 498 3483 579 3537; x_wconf 79' lang='lat' dir='ltr'>cocta</span> 
     </span>
    </p>
   </div>
   <div class='ocr_carea' id='block_1_3' title="bbox 629 357 1111 925">
    <p class='ocr_par' dir='ltr' id='par_1_13' title="bbox 629 357 1110 556">
     <span class='ocr_line' id='line_1_47' title="bbox 629 357 1034 427; baseline 0.005 -15"><span class='ocrx_word' id='word_1_203' title='bbox 629 357 793 427; x_wconf 76' lang='lat' dir='ltr'>disrumpit</span> <span class='ocrx_word' id='word_1_204' title='bbox 810 359 972 414; x_wconf 80' lang='lat' dir='ltr'>furunculos</span> <span class='ocrx_word' id='word_1_205' title='bbox 992 363 1034 414; x_wconf 90' lang='grc'>13.</span> 
     </span>
     <span class='ocr_line' id='line_1_48' title="bbox 629 429 1110 500; baseline 0 -18"><span class='ocrx_word' id='word_1_206' title='bbox 629 429 799 500; x_wconf 75' lang='lat' dir='ltr'>distillare,</span> <span class='ocrx_word' id='word_1_207' title='bbox 814 429 961 485; x_wconf 78' lang='lat' dir='ltr'>distillaiio</span> <span class='ocrx_word' id='word_1_208' title='bbox 970 430 1056 499; x_wconf 81' lang='grc'><strong>9121.</strong></span> <span class='ocrx_word' id='word_1_209' title='bbox 1067 433 1110 483; x_wconf 87' lang='grc'>54.</span> 
     </span>
     <span class='ocr_line' id='line_1_49' title="bbox 630 500 842 556; baseline 0 -2"><span class='ocrx_word' id='word_1_210' title='bbox 630 500 781 556; x_wconf 83' lang='lat' dir='ltr'>dluretlca</span> <span class='ocrx_word' id='word_1_211' title='bbox 799 507 842 555; x_wconf 86' lang='lat'>43.</span> 
     </span>
    </p>

    <p class='ocr_par' dir='ltr' id='par_1_14' title="bbox 630 570 1111 783">
     <span class='ocr_line' id='line_1_50' title="bbox 630 570 1111 627; baseline -0.002 -2"><span class='ocrx_word' id='word_1_212' title='bbox 630 571 809 627; x_wconf 71' lang='lat' dir='ltr'>dormiturus</span> <span class='ocrx_word' id='word_1_213' title='bbox 829 589 893 625; x_wconf 89' lang='lat' dir='ltr'>cum</span> <span class='ocrx_word' id='word_1_214' title='bbox 903 571 1055 627; x_wconf 77' lang='lat' dir='ltr'>dormitum</span> <span class='ocrx_word' id='word_1_215' title='bbox 1069 570 1111 624; x_wconf 87' lang='lat' dir='ltr'>iro</span> 
     </span>
     <span class='ocr_line' id='line_1_51' title="bbox 648 642 1109 712; baseline 0 -15"><span class='ocrx_word' id='word_1_216' title='bbox 648 643 790 712; x_wconf 75' lang='lat' dir='ltr'>cupissent</span> <span class='ocrx_word' id='word_1_217' title='bbox 812 643 858 712; x_wconf 89' lang='lat'>(=</span> <span class='ocrx_word' id='word_1_218' title='bbox 882 642 1043 699; x_wconf 76' lang='lat' dir='ltr'>dormituris</span> <span class='ocrx_word' id='word_1_219' title='bbox 1065 642 1109 697; x_wconf 80' lang='lat' dir='ltr'>Pl.</span> 
     </span>
     <span class='ocr_line' id='line_1_52' title="bbox 648 717 801 783; baseline 0.02 -17"><span class='ocrx_word' id='word_1_220' title='bbox 648 717 738 783; x_wconf 62' lang='lat'>2045)</span> <span class='ocrx_word' id='word_1_221' title='bbox 758 720 801 770; x_wconf 83' lang='lat'>21.</span> 
     </span>
    </p>

    <p class='ocr_par' dir='ltr' id='par_1_15' title="bbox 629 782 1111 925">
     <span class='ocr_line' id='line_1_53' title="bbox 629 782 1111 851; baseline 0.002 -14"><span class='ocrx_word' id='word_1_222' title='bbox 629 782 700 838; x_wconf 83' lang='lat' dir='ltr'>dum</span> <span class='ocrx_word' id='word_1_223' title='bbox 718 801 774 839; x_wconf 91' lang='lat' dir='ltr'>non</span> <span class='ocrx_word' id='word_1_224' title='bbox 786 791 828 840; x_wconf 89' lang='lat'>44.</span> <span class='ocrx_word' id='word_1_225' title='bbox 856 783 922 840; x_wconf 87' lang='lat' dir='ltr'>dum</span> <span class='ocrx_word' id='word_1_226' title='bbox 935 783 1111 851; x_wconf 62' lang='grc'><strong>1010101011-</strong></span> 
     </span>
     <span class='ocr_line' id='line_1_54' title="bbox 647 857 829 925; baseline 0.011 -16"><span class='ocrx_word' id='word_1_227' title='bbox 647 857 728 910; x_wconf 79' lang='lat' dir='ltr'>taxat</span> <span class='ocrx_word' id='word_1_228' title='bbox 746 857 766 925; x_wconf 78' lang='lat'>1)</span> <span class='ocrx_word' id='word_1_229' title='bbox 786 863 829 911; x_wconf 85' lang='lat'>44.</span> 
     </span>
    </p>
   </div>
   <div class='ocr_carea' id='block_1_4' title="bbox 630 996 1114 2700">
    <p class='ocr_par' dir='ltr' id='par_1_16' title="bbox 630 996 898 1066">
     <span class='ocr_line' id='line_1_55' title="bbox 630 996 898 1066; baseline 0 -15"><span class='ocrx_word' id='word_1_230' title='bbox 630 996 759 1064; x_wconf 75' lang='lat' dir='ltr'>ecligma</span> <span class='ocrx_word' id='word_1_231' title='bbox 777 1005 811 1051; x_wconf 84' lang='grc'><strong>42</strong></span> <span class='ocrx_word' id='word_1_232' title='bbox 832 999 898 1066; x_wconf 87' lang='grc'><strong>(53).</strong></span> 
     </span>
    </p>

    <p class='ocr_par' dir='ltr' id='par_1_17' title="bbox 630 1065 1114 1704">
     <span class='ocr_line' id='line_1_56' title="bbox 630 1065 1111 1136; baseline -0.004 -15"><span class='ocrx_word' id='word_1_233' title='bbox 630 1067 778 1124; x_wconf 84' lang='lat' dir='ltr'>eiusmodl</span> <span class='ocrx_word' id='word_1_234' title='bbox 789 1075 832 1124; x_wconf 86' lang='grc'>43.</span> <span class='ocrx_word' id='word_1_235' title='bbox 843 1074 877 1122; x_wconf 89' lang='grc'>53</span> <span class='ocrx_word' id='word_1_236' title='bbox 888 1067 1023 1136; x_wconf 83' lang='lat' dir='ltr'>(eiusdem</span> <span class='ocrx_word' id='word_1_237' title='bbox 1032 1065 1111 1120; x_wconf 89' lang='lat' dir='ltr'>modi</span> 
     </span>
     <span class='ocr_line' id='line_1_57' title="bbox 647 1137 1111 1208; baseline 0.002 -16"><span class='ocrx_word' id='word_1_238' title='bbox 647 1155 665 1207; x_wconf 92' lang='grc'><strong>9</strong></span> <span class='ocrx_word' id='word_1_239' title='bbox 689 1144 742 1207; x_wconf 78' lang='grc'><strong>17).</strong></span> <span class='ocrx_word' id='word_1_240' title='bbox 776 1155 832 1208; x_wconf 79' lang='lat' dir='ltr'>pro</span> <span class='ocrx_word' id='word_1_241' title='bbox 859 1137 1020 1194; x_wconf 86' lang='lat' dir='ltr'>huiusmodi</span> <span class='ocrx_word' id='word_1_242' title='bbox 1045 1141 1111 1206; x_wconf 85' lang='grc'><strong>(29).</strong></span> 
     </span>
     <span class='ocr_line' id='line_1_58' title="bbox 631 1278 1110 1349; baseline -0.002 -15"><span class='ocrx_word' id='word_1_243' title='bbox 631 1278 806 1336; x_wconf 80' lang='lat' dir='ltr'>elellsiaons</span> <span class='ocrx_word' id='word_1_244' title='bbox 821 1280 1009 1349; x_wconf 84' lang='lat' dir='ltr'>(helelisfacus</span> <span class='ocrx_word' id='word_1_245' title='bbox 1022 1281 1051 1348; x_wconf 91' lang='grc'><strong>9)</strong></span> <span class='ocrx_word' id='word_1_246' title='bbox 1067 1285 1110 1333; x_wconf 88' lang='grc'>53.</span> 
     </span>
     <span class='ocr_line' id='line_1_59' title="bbox 630 1349 1056 1420; baseline -0.009 -14"><span class='ocrx_word' id='word_1_247' title='bbox 630 1351 737 1406; x_wconf 79' lang='lat' dir='ltr'>ellmat</span> <span class='ocrx_word' id='word_1_248' title='bbox 753 1352 873 1406; x_wconf 86' lang='lat' dir='ltr'>furfures</span> <span class='ocrx_word' id='word_1_249' title='bbox 893 1349 994 1420; x_wconf 79' lang='lat' dir='ltr'>capitis</span> <span class='ocrx_word' id='word_1_250' title='bbox 1014 1355 1056 1403; x_wconf 92' lang='lat'>10.</span> 
     </span>
     <span class='ocr_line' id='line_1_60' title="bbox 630 1420 1091 1492; baseline -0.007 -16"><span class='ocrx_word' id='word_1_251' title='bbox 630 1435 735 1477; x_wconf 87' lang='lat' dir='ltr'>enema</span> <span class='ocrx_word' id='word_1_252' title='bbox 752 1424 813 1491; x_wconf 80' lang='lat' dir='ltr'>(ubi</span> <span class='ocrx_word' id='word_1_253' title='bbox 831 1423 952 1492; x_wconf 83' lang='lat' dir='ltr'>ecligma</span> <span class='ocrx_word' id='word_1_254' title='bbox 972 1420 1029 1488; x_wconf 75' lang='grc' dir='ltr'><strong>ΡΙ.)</strong></span> <span class='ocrx_word' id='word_1_255' title='bbox 1049 1426 1091 1474; x_wconf 88' lang='lat'>53.</span> 
     </span>
     <span class='ocr_line' id='line_1_61' title="bbox 630 1492 1114 1563; baseline -0.004 -16"><span class='ocrx_word' id='word_1_256' title='bbox 630 1494 742 1549; x_wconf 83' lang='lat' dir='ltr'>ervilia</span> <span class='ocrx_word' id='word_1_257' title='bbox 755 1500 789 1547; x_wconf 92' lang='grc'>30</span> <span class='ocrx_word' id='word_1_258' title='bbox 805 1493 936 1563; x_wconf 75' lang='lat' dir='ltr'>(herbilis</span> <span class='ocrx_word' id='word_1_259' title='bbox 948 1509 979 1562; x_wconf 83' lang='grc'><strong>9,</strong></span> <span class='ocrx_word' id='word_1_260' title='bbox 998 1492 1033 1559; x_wconf 76' lang='lat' dir='ltr'>cf.</span> <span class='ocrx_word' id='word_1_261' title='bbox 1048 1492 1114 1546; x_wconf 87' lang='lat' dir='ltr'>her-</span> 
     </span>
     <span class='ocr_line' id='line_1_62' title="bbox 647 1562 1112 1635; baseline -0.006 -16"><span class='ocrx_word' id='word_1_262' title='bbox 647 1583 714 1620; x_wconf 86' lang='lat' dir='ltr'>vum</span> <span class='ocrx_word' id='word_1_263' title='bbox 732 1582 750 1635; x_wconf 91' lang='grc'><strong>9</strong></span> <span class='ocrx_word' id='word_1_264' title='bbox 768 1569 821 1634; x_wconf 85' lang='grc'><strong>39).</strong></span> <span class='ocrx_word' id='word_1_265' title='bbox 851 1566 885 1631; x_wconf 82' lang='lat' dir='ltr'>cf.</span> <span class='ocrx_word' id='word_1_266' title='bbox 905 1562 1041 1618; x_wconf 89' lang='lat' dir='ltr'>herbiliae</span> <span class='ocrx_word' id='word_1_267' title='bbox 1060 1606 1066 1619; x_wconf 88' lang='lat'>.</span> <span class='ocrx_word' id='word_1_268' title='bbox 1083 1602 1112 1617; x_wconf 92' lang='lat'>..</span> 
     </span>
     <span class='ocr_line' id='line_1_63' title="bbox 647 1636 1001 1704; baseline -0.008 -13"><span class='ocrx_word' id='word_1_269' title='bbox 647 1636 727 1691; x_wconf 77' lang='lat' dir='ltr'>hersi</span> <span class='ocrx_word' id='word_1_270' title='bbox 745 1636 801 1693; x_wconf 80' lang='lat' dir='ltr'>Ed.</span> <span class='ocrx_word' id='word_1_271' title='bbox 820 1636 910 1691; x_wconf 78' lang='lat' dir='ltr'>Diocl.</span> <span class='ocrx_word' id='word_1_272' title='bbox 925 1652 956 1704; x_wconf 85' lang='lat' dir='ltr'>p.</span> <span class='ocrx_word' id='word_1_273' title='bbox 975 1640 1001 1689; x_wconf 91' lang='lat'>4.</span> 
     </span>
    </p>

    <p class='ocr_par' dir='ltr' id='par_1_18' title="bbox 631 1705 1114 2118">
     <span class='ocr_line' id='line_1_64' title="bbox 631 1705 1114 1779; baseline -0.008 -18"><span class='ocrx_word' id='word_1_274' title='bbox 631 1719 697 1762; x_wconf 83' lang='lat' dir='ltr'>esso</span> <span class='ocrx_word' id='word_1_275' title='bbox 726 1708 807 1779; x_wconf 82' lang='lat' dir='ltr'>(est,</span> <span class='ocrx_word' id='word_1_276' title='bbox 836 1707 924 1773; x_wconf 81' lang='lat' dir='ltr'>sunt)</span> <span class='ocrx_word' id='word_1_277' title='bbox 957 1705 1114 1773; x_wconf 75' lang='grc'><strong>0090000</strong></span> 
     </span>
     <span class='ocr_line' id='line_1_65' title="bbox 648 1777 1114 1847; baseline -0.006 -16"><span class='ocrx_word' id='word_1_278' title='bbox 648 1779 796 1832; x_wconf 74' lang='lat' dir='ltr'>omittitur:</span> <span class='ocrx_word' id='word_1_279' title='bbox 815 1794 836 1832; x_wconf 84' lang='lat' dir='ltr'>c.</span> <span class='ocrx_word' id='word_1_280' title='bbox 846 1794 872 1847; x_wconf 89' lang='grc'>9.</span> <span class='ocrx_word' id='word_1_281' title='bbox 888 1783 930 1831; x_wconf 85' lang='grc'>15.</span> <span class='ocrx_word' id='word_1_282' title='bbox 941 1783 984 1830; x_wconf 90' lang='grc'>29.</span> <span class='ocrx_word' id='word_1_283' title='bbox 995 1781 1028 1829; x_wconf 89' lang='grc'>40</span> <span class='ocrx_word' id='word_1_284' title='bbox 1044 1777 1114 1843; x_wconf 80' lang='lat' dir='ltr'>(ter).</span> 
     </span>
     <span class='ocr_line' id='line_1_66' title="bbox 649 1845 1114 1918; baseline -0.009 -15"><span class='ocrx_word' id='word_1_285' title='bbox 649 1852 683 1903; x_wconf 84' lang='grc'><strong>59</strong></span> <span class='ocrx_word' id='word_1_286' title='bbox 717 1848 926 1918; x_wconf 77' lang='lat' dir='ltr'>(assignatum,</span> <span class='ocrx_word' id='word_1_287' title='bbox 976 1845 1114 1913; x_wconf 80' lang='lat' dir='ltr'>dandum,</span> 
     </span>
     <span class='ocr_line' id='line_1_67' title="bbox 649 1918 1111 1986; baseline -0.009 -12"><span class='ocrx_word' id='word_1_288' title='bbox 649 1918 816 1986; x_wconf 85' lang='lat' dir='ltr'>ordinanda,</span> <span class='ocrx_word' id='word_1_289' title='bbox 829 1918 1008 1985; x_wconf 77' lang='lat' dir='ltr'>adnotat-um,</span> <span class='ocrx_word' id='word_1_290' title='bbox 1022 1932 1111 1971; x_wconf 87' lang='lat' dir='ltr'>remo-</span> 
     </span>
     <span class='ocr_line' id='line_1_68' title="bbox 648 1990 926 2058; baseline -0.004 -13"><span class='ocrx_word' id='word_1_291' title='bbox 648 1991 751 2058; x_wconf 85' lang='lat' dir='ltr'>venda,</span> <span class='ocrx_word' id='word_1_292' title='bbox 771 1990 926 2058; x_wconf 70' lang='lat' dir='ltr'>uadum.)</span> 
     </span>
     <span class='ocr_line' id='line_1_69' title="bbox 631 2062 890 2118; baseline -0.004 -1"><span class='ocrx_word' id='word_1_293' title='bbox 631 2062 827 2118; x_wconf 84' lang='lat' dir='ltr'>eustomuoha</span> <span class='ocrx_word' id='word_1_294' title='bbox 845 2067 890 2116; x_wconf 83' lang='lat'>43.</span> 
     </span>
    </p>

    <p class='ocr_par' dir='ltr' id='par_1_19' title="bbox 631 2132 1114 2415">
     <span class='ocr_line' id='line_1_70' title="bbox 631 2132 1114 2201; baseline -0.008 -13"><span class='ocrx_word' id='word_1_295' title='bbox 631 2133 779 2188; x_wconf 81' lang='lat' dir='ltr'>exacodae</span> <span class='ocrx_word' id='word_1_296' title='bbox 811 2133 887 2189; x_wconf 80' lang='lat' dir='ltr'>codd.</span> <span class='ocrx_word' id='word_1_297' title='bbox 913 2132 1114 2201; x_wconf 70' lang='lat' dir='ltr'>(cacoethcel)</span> 
     </span>
     <span class='ocr_line' id='line_1_71' title="bbox 632 2273 1112 2345; baseline -0.008 -16"><span class='ocrx_word' id='word_1_298' title='bbox 632 2275 828 2345; x_wconf 78' lang='lat' dir='ltr'>exasperatae</span> <span class='ocrx_word' id='word_1_299' title='bbox 842 2273 962 2330; x_wconf 70' lang='lat' dir='ltr'>arteriae</span> <span class='ocrx_word' id='word_1_300' title='bbox 973 2277 1006 2327; x_wconf 86' lang='grc'>52</span> <span class='ocrx_word' id='word_1_301' title='bbox 1021 2274 1112 2342; x_wconf 81' lang='lat' dir='ltr'>(aspe-</span> 
     </span>
     <span class='ocr_line' id='line_1_72' title="bbox 649 2349 792 2415; baseline 0.007 -15"><span class='ocrx_word' id='word_1_302' title='bbox 649 2350 729 2401; x_wconf 76' lang='lat' dir='ltr'>raiae</span> <span class='ocrx_word' id='word_1_303' title='bbox 741 2349 792 2415; x_wconf 90' lang='grc'><strong>19).</strong></span> 
     </span>
    </p>

    <p class='ocr_par' dir='ltr' id='par_1_20' title="bbox 632 2417 949 2486">
     <span class='ocr_line' id='line_1_73' title="bbox 632 2417 949 2486; baseline -0.003 -15"><span class='ocrx_word' id='word_1_304' title='bbox 632 2417 794 2486; x_wconf 74' lang='lat' dir='ltr'>exoptatus</span> <span class='ocrx_word' id='word_1_305' title='bbox 812 2418 888 2471; x_wconf 84' lang='lat' dir='ltr'>calor</span> <span class='ocrx_word' id='word_1_306' title='bbox 906 2421 949 2471; x_wconf 85' lang='grc'>20.</span> 
     </span>
    </p>

    <p class='ocr_par' dir='ltr' id='par_1_21' title="bbox 632 2486 1114 2686">
     <span class='ocr_line' id='line_1_74' title="bbox 632 2486 1114 2558; baseline -0.01 -15"><span class='ocrx_word' id='word_1_307' title='bbox 632 2486 771 2558; x_wconf 77' lang='lat' dir='ltr'>experiri</span> <span class='ocrx_word' id='word_1_308' title='bbox 790 2489 834 2554; x_wconf 90' lang='lat'>(=</span> <span class='ocrx_word' id='word_1_309' title='bbox 853 2487 925 2557; x_wconf 74' lang='lat' dir='ltr'>pati)</span> <span class='ocrx_word' id='word_1_310' title='bbox 943 2502 1052 2540; x_wconf 80' lang='lat' dir='ltr'>morsus</span> <span class='ocrx_word' id='word_1_311' title='bbox 1071 2489 1114 2539; x_wconf 82' lang='grc'>35.</span> 
     </span>
     <span class='ocr_line' id='line_1_75' title="bbox 632 2557 1033 2686; baseline -0.01 -72"><span class='ocrx_word' id='word_1_312' title='bbox 632 2559 807 2686; x_wconf 50' lang='grc' dir='ltr'>θιξιιιιιςιιαιὶῖ</span> <span class='ocrx_word' id='word_1_313' title='bbox 825 2557 990 2682; x_wconf 56' lang='grc' dir='ltr'>αιέῐιιςίηοιιι</span> <span class='ocrx_word' id='word_1_314' title='bbox 1009 2561 1033 2611; x_wconf 89' lang='grc'>8.</span> 
     </span>
    </p>

    <p class='ocr_par' dir='ltr' id='par_1_22' title="bbox 633 2644 873 2700">
     <span class='ocr_line' id='line_1_76' title="bbox 633 2644 873 2700; baseline 0 -15"><span class='ocrx_word' id='word_1_315' title='bbox 633 2644 671 2686; x_wconf 89' lang='lat' dir='ltr'>ox</span> <span class='ocrx_word' id='word_1_316' title='bbox 719 2644 780 2697; x_wconf 73' lang='lat' dir='ltr'>gun</span> <span class='ocrx_word' id='word_1_317' title='bbox 812 2646 830 2700; x_wconf 90' lang='grc'><strong>9</strong></span> <span class='ocrx_word' id='word_1_318' title='bbox 866 2671 873 2685; x_wconf 97' lang='grc'>.</span> 
     </span>
    </p>
   </div>
   <div class='ocr_carea' id='block_1_5' title="bbox 632 2761 1117 3619">
    <p class='ocr_par' dir='ltr' id='par_1_23' title="bbox 633 2761 1115 2984">
     <span class='ocr_line' id='line_1_77' title="bbox 633 2761 1115 2856; baseline -0.006 -29"><span class='ocrx_word' id='word_1_319' title='bbox 633 2772 710 2842; x_wconf 73' lang='lat' dir='ltr'>ipro</span> <span class='ocrx_word' id='word_1_320' title='bbox 725 2793 747 2856; x_wconf 77' lang='grc' dir='ltr'><strong><em>φ</em></strong></span> <span class='ocrx_word' id='word_1_321' title='bbox 760 2788 863 2840; x_wconf 82' lang='lat' dir='ltr'>semper</span> <span class='ocrx_word' id='word_1_322' title='bbox 876 2761 1041 2841; x_wconf 70' lang='lat' dir='ltr'>92&#39;flegma,</span> <span class='ocrx_word' id='word_1_323' title='bbox 1059 2768 1115 2824; x_wconf 88' lang='lat' dir='ltr'>fre·</span> 
     </span>
     <span class='ocr_line' id='line_1_78' title="bbox 651 2840 1111 2912; baseline -0.007 -15"><span class='ocrx_word' id='word_1_324' title='bbox 651 2843 746 2911; x_wconf 77' lang='grc' dir='ltr'><strong>0011οι,</strong></span> <span class='ocrx_word' id='word_1_325' title='bbox 760 2843 882 2910; x_wconf 73' lang='lat' dir='ltr'>safarim,</span> <span class='ocrx_word' id='word_1_326' title='bbox 902 2840 1065 2912; x_wconf 80' lang='lat' dir='ltr'>epiioractc.</span> <span class='ocrx_word' id='word_1_327' title='bbox 1075 2840 1111 2908; x_wconf 82' lang='lat' dir='ltr'>cf.</span> 
     </span>
     <span class='ocr_line' id='line_1_79' title="bbox 650 2915 849 2984; baseline 0 -15"><span class='ocrx_word' id='word_1_328' title='bbox 650 2915 849 2984; x_wconf 73' lang='grc'><strong>91590000.</strong></span> 
     </span>
    </p>

    <p class='ocr_par' dir='ltr' id='par_1_24' title="bbox 632 2984 1116 3479">
     <span class='ocr_line' id='line_1_80' title="bbox 633 2984 1068 3054; baseline -0.007 -14"><span class='ocrx_word' id='word_1_329' title='bbox 633 2985 737 3040; x_wconf 75' lang='lat' dir='ltr'>facille</span> <span class='ocrx_word' id='word_1_330' title='bbox 756 3002 839 3042; x_wconf 86' lang='lat' dir='ltr'>eucue</span> <span class='ocrx_word' id='word_1_331' title='bbox 858 2985 894 3040; x_wconf 87' lang='lat' dir='ltr'>ad</span> <span class='ocrx_word' id='word_1_332' title='bbox 912 2984 1024 3054; x_wconf 87' lang='lat' dir='ltr'>lapsum</span> <span class='ocrx_word' id='word_1_333' title='bbox 1043 2990 1068 3038; x_wconf 76' lang='lat'>7.</span> 
     </span>
     <span class='ocr_line' id='line_1_81' title="bbox 632 3054 1116 3125; baseline -0.008 -14"><span class='ocrx_word' id='word_1_334' title='bbox 632 3056 800 3111; x_wconf 78' lang='lat' dir='ltr'>ianlculum</span> <span class='ocrx_word' id='word_1_335' title='bbox 826 3072 844 3125; x_wconf 90' lang='grc'><strong>9</strong></span> <span class='ocrx_word' id='word_1_336' title='bbox 871 3061 905 3110; x_wconf 93' lang='grc'>25</span> <span class='ocrx_word' id='word_1_337' title='bbox 934 3054 1116 3122; x_wconf 77' lang='lat' dir='ltr'>(foeniculum</span> 
     </span>
     <span class='ocr_line' id='line_1_82' title="bbox 652 3127 1038 3196; baseline 0 -16"><span class='ocrx_word' id='word_1_338' title='bbox 652 3127 822 3196; x_wconf 75' lang='grc' dir='ltr'><strong>Ρ110.Αο9.</strong></span> <span class='ocrx_word' id='word_1_339' title='bbox 842 3131 947 3194; x_wconf 88' lang='grc'><strong>13,124.</strong></span> <span class='ocrx_word' id='word_1_340' title='bbox 969 3130 1038 3192; x_wconf 86' lang='grc'><strong>136).</strong></span> 
     </span>
     <span class='ocr_line' id='line_1_83' title="bbox 634 3197 1114 3268; baseline -0.01 -16"><span class='ocrx_word' id='word_1_341' title='bbox 634 3198 736 3253; x_wconf 80' lang='lat' dir='ltr'>ionum</span> <span class='ocrx_word' id='word_1_342' title='bbox 754 3215 885 3268; x_wconf 86' lang='lat' dir='ltr'>graecum</span> <span class='ocrx_word' id='word_1_343' title='bbox 899 3214 917 3266; x_wconf 91' lang='grc'><strong>9</strong></span> <span class='ocrx_word' id='word_1_344' title='bbox 936 3202 970 3250; x_wconf 91' lang='grc'>30</span> <span class='ocrx_word' id='word_1_345' title='bbox 989 3197 1114 3261; x_wconf 82' lang='lat' dir='ltr'>(foenum</span> 
     </span>
     <span class='ocr_line' id='line_1_84' title="bbox 651 3266 1116 3338; baseline -0.013 -15"><span class='ocrx_word' id='word_1_346' title='bbox 651 3287 692 3338; x_wconf 87' lang='lat' dir='ltr'>gr.</span> <span class='ocrx_word' id='word_1_347' title='bbox 701 3285 720 3338; x_wconf 93' lang='grc'><strong>9</strong></span> <span class='ocrx_word' id='word_1_348' title='bbox 729 3274 763 3322; x_wconf 88' lang='grc'><strong>49</strong></span> <span class='ocrx_word' id='word_1_349' title='bbox 773 3285 828 3337; x_wconf 82' lang='lat' dir='ltr'>pro</span> <span class='ocrx_word' id='word_1_350' title='bbox 837 3268 959 3323; x_wconf 85' lang='lat' dir='ltr'>faenum.</span> <span class='ocrx_word' id='word_1_351' title='bbox 978 3267 1013 3333; x_wconf 76' lang='lat' dir='ltr'>cf.</span> <span class='ocrx_word' id='word_1_352' title='bbox 1026 3266 1116 3319; x_wconf 76' lang='lat' dir='ltr'>Varro</span> 
     </span>
     <span class='ocr_line' id='line_1_85' title="bbox 651 3337 1115 3408; baseline -0.009 -14"><span class='ocrx_word' id='word_1_353' title='bbox 651 3341 706 3394; x_wconf 74' lang='grc'>11.</span> <span class='ocrx_word' id='word_1_354' title='bbox 727 3345 817 3408; x_wconf 78' lang='grc'><strong>7,96.</strong></span> <span class='ocrx_word' id='word_1_355' title='bbox 846 3339 922 3393; x_wconf 85' lang='lat' dir='ltr'>faeni</span> <span class='ocrx_word' id='word_1_356' title='bbox 946 3337 1039 3407; x_wconf 85' lang='lat' dir='ltr'>graeci</span> <span class='ocrx_word' id='word_1_357' title='bbox 1057 3337 1115 3391; x_wconf 82' lang='lat' dir='ltr'>Ed.</span> 
     </span>
     <span class='ocr_line' id='line_1_86' title="bbox 651 3411 838 3479; baseline 0 -15"><span class='ocrx_word' id='word_1_358' title='bbox 651 3411 742 3465; x_wconf 82' lang='lat' dir='ltr'>Diocl.</span> <span class='ocrx_word' id='word_1_359' title='bbox 764 3429 793 3479; x_wconf 83' lang='lat' dir='ltr'>p.</span> <span class='ocrx_word' id='word_1_360' title='bbox 814 3416 838 3465; x_wconf 91' lang='grc'>9.</span> 
     </span>
    </p>

    <p class='ocr_par' dir='ltr' id='par_1_25' title="bbox 633 3479 1117 3619">
     <span class='ocr_line' id='line_1_87' title="bbox 633 3479 1117 3550; baseline -0.008 -14"><span class='ocrx_word' id='word_1_361' title='bbox 633 3481 726 3536; x_wconf 66' lang='lat' dir='ltr'>ilonea</span> <span class='ocrx_word' id='word_1_362' title='bbox 754 3483 807 3536; x_wconf 85' lang='lat' dir='ltr'>abl.</span> <span class='ocrx_word' id='word_1_363' title='bbox 831 3480 885 3535; x_wconf 87' lang='lat' dir='ltr'>fico</span> <span class='ocrx_word' id='word_1_364' title='bbox 909 3496 925 3550; x_wconf 84' lang='grc'><strong>9</strong></span> <span class='ocrx_word' id='word_1_365' title='bbox 947 3485 1009 3549; x_wconf 79' lang='lat' dir='ltr'>(rec.</span> <span class='ocrx_word' id='word_1_366' title='bbox 1032 3479 1117 3544; x_wconf 75' lang='lat' dir='ltr'>-cull</span> 
     </span>
     <span class='ocr_line' id='line_1_88' title="bbox 655 3553 992 3619; baseline -0.021 -11"><span class='ocrx_word' id='word_1_367' title='bbox 655 3558 703 3611; x_wconf 82' lang='grc'>13.</span> <span class='ocrx_word' id='word_1_368' title='bbox 718 3559 768 3611; x_wconf 84' lang='grc'>29.</span> <span class='ocrx_word' id='word_1_369' title='bbox 795 3553 878 3608; x_wconf 77' lang='lat' dir='ltr'>Noua</span> <span class='ocrx_word' id='word_1_370' title='bbox 893 3556 992 3619; x_wconf 60' lang='grc'><strong>1932.</strong></span> 
     </span>
    </p>
   </div>
   <div class='ocr_carea' id='block_1_6' title="bbox 0 0 1213 3802">
    <p class='ocr_par' dir='ltr' id='par_1_26' title="bbox 0 0 1213 3802">
     <span class='ocr_line' id='line_1_89' title="bbox 0 0 1213 3802; baseline 0 0"><span class='ocrx_word' id='word_1_371' title='bbox 0 0 1213 3802; x_wconf 95' lang='lat' dir='ltr'> </span> 
     </span>
    </p>
   </div>
  </div>
 </body>
</html>
