2416 3802
546 154 767 218 ,86-

291 329 386 394 aelst
414 317 499 398 adipe
528 316 613 379 vituli
641 318 757 378 marini.
798 335 905 397 aquam
933 325 1165 395 expavescentes

234 401 280 470 (vf-
299 403 388 471 Μ)
416 413 484 468 usta
505 406 591 486 plaga
612 407 694 466 ferro
717 407 859 467 continuo
883 412 1034 468 sanantur.

481 591 540 648 XI.
564 590 619 646 Ad
641 594 796 645 morsum
819 587 912 645 cenis
934 602 1005 645 non
1026 588 1164 646 rabiosi.

281 721 386 784 31,118.
444 774 447 779 ,
480 707 599 770 Nitrum
618 714 649 769 et
666 708 791 789 axungia
810 715 841 768 et
859 709 958 768 resina
972 709 1077 789 aequis
1095 726 1163 788 por-

298 810 386 873 31,9e.
413 796 545 858 tionibus
568 815 604 857 ex
628 804 711 859 aceto
734 796 937 877 imponuntur.
954 814 957 819 ¹
974 795 1049 857 allex
1073 797 1167 859 cruda

299 896 385 961 nepo.
413 888 444 947 in
475 884 605 947 linteolis
635 887 812 966 concerptis.
857 884 947 946 adum
975 882 1045 946 cum
1075 885 1188 947 mellea

245 979 385 1050 *noete
413 977 526 1035 tritum.
563 981 663 1035 menta
682 967 750 1037 cum
768 973 855 1035 melle
874 975 1011 1037 coutrita.
1049 992 1172 1046 marruq

299 1075 385 1138 2232.
413 1063 496 1125 bium
528 1069 630 1124 tusum
657 1080 727 1147 cum
754 1064 881 1143 axungia
912 1071 1022 1124 vetere.
1066 1066 1166 1126 urtica

251 1151 1165 1228 ‘mmmmmmmm

174 1251 260 1315 napo.
281 1254 384 1316 23‚119.
413 1248 530 1302 acetum
558 1239 686 1325 calidum
713 1242 745 1319 in
773 1242 903 1320 spongia.
940 1258 1094 1303 ramorum
1117 1240 1165 1303 fici

280 1343 385 1404 23,144.
414 1329 551 1391 cauliculi
570 1331 667 1390 teneri
685 1331 758 1390 triti.
785 1328 885 1390 nuclei
899 1328 1076 1410 amygdalini
1095 1341 1201 1393 cumen

280 1430 384 1494 nepes
413 1416 499 1480 melle
522 1419 595 1479 triti.
633 1435 743 1478 nucum
765 1416 950 1496 iuglandium
969 1434 1075 1480 carnes
1095 1437 1164 1489 cum

280 1518 385 1582 sulae.
413 1523 485 1585 cepa
518 1514 549 1566 et
580 1505 639 1566 sale
672 1513 703 1567 et
733 1505 821 1567 melle
849 1507 1003 1567 contritae.
1044 1507 1166 1569 easdem

412 1612 517 1655 carnes
544 1612 657 1655 nucum
680 1593 716 1654 ab
739 1596 841 1656 ieiuno
871 1594 991 1656 homine
1013 1612 1164 1659 comman-

280 1696 384 1759 31,129.
412 1680 543 1744 ducatas'
562 1684 675 1763 imponi
697 1682 810 1744 iubent.
856 1676 1016 1765 spongiae'
1030 1687 1165 1747 minutae

412 1771 610 1836 conciduntur
637 1779 668 1832 et
694 1773 890 1852 imponuntur
916 1771 1032 1834 infusae
1056 1772 1105 1835 rel
1128 1792 1164 1835 ex
1179 1783 1202 1825 ¹⁵

298 1870 383 1934 aaut
411 1868 495 1922 aceto
518 1859 564 1921 rel
587 1879 623 1921 ex
646 1878 722 1940 aqua
744 1860 790 1920 rel
813 1879 850 1921 ex
868 1859 970 1921 melle.
1000 1861 1067 1922 faex
1087 1865 1165 1924 aceti

411 1967 480 2009 cum
502 1948 662 2010 melanthio
685 1942 787 2029 plagae
811 1949 984 2031 imponitur.

476 2130 553 2189 ΧΠ.
592 2130 646 2189 Ad
687 2131 860 2189 cicatrices
901 2130 1030 2202 quibus
1065 2132 1163 2189 color

594 2219 692 2276 reddi
714 2220 826 2276 debet.

278 2347 383 2410 sonno.
477 2337 629 2399 drietinus
650 2338 752 2418 pulmo
774 2356 882 2399 recens
910 2357 1000 2418 quarn
1021 2339 1163 2421 frequen·

310 2427 346 2504 eb.
411 2426 525 2488 tissime
539 2427 710 2509 immnitur.
733 2427 982 2491 serumciusdcm
998 2446 1069 2491 cum
1082 2430 1164 2491 nitm

170 2523 257 2587 auen.
278 2524 383 2588 acano.
412 2514 515 2575 efficax
529 2522 584 2576 est.
612 2515 702 2597 adeps
715 2515 853 2578 leoninus
867 2534 905 2577 ex
917 2517 1043 2579 sosacio.
1072 2525 1163 2581 utun·
1175 2528 1199 2568 ¹⁰

411 2609 462 2664 tur
494 2611 649 2666 senectute
682 2606 824 2684 anguium
860 2623 898 2666 ex
929 2607 997 2667 vino
1029 2604 1162 2669 decocta.

210 2693 248 2748 ib.
277 2698 383 2761 aulai.
410 2691 498 2752 fimus
517 2692 704 2754 columbinus
723 2711 792 2753 cum
810 2693 906 2754 melle.
935 2692 975 2754 iel
993 2696 1162 2775 scorpionis

162 2930 168 2944 ι
216 2864 230 2912 1
251 2859 352 2917 marini
369 2862 428 2930 prb
443 2862 525 2947 (Pl.):
544 2862 631 2918 marie
644 2864 672 2918 d.
698 2863 702 2932 Ι
726 2865 955 2934 expavescentes:
973 2880 1161 2935 expavescen-

145 2931 222 2987 bbue
248 2931 321 2999 prb,
347 2934 562 3002 pavescentibus
585 2935 612 2989 d.
667 2939 683 2988 2
707 2936 842 2990 samnius
862 2936 916 3005 cd:
944 2936 1110 2994 ·nebur:rd.

144 3003 188 3059 tit.
206 3000 311 3057 rabiosi
327 3005 379 3072 pb:
398 3004 492 3060 rabidi
509 3006 536 3060 d.
592 3011 608 3059 3
626 3005 801 3075 portionibus
817 3007 897 3077 pbfflr
920 2998 1096 3076 ponoen‘bm
1113 3007 1161 3064 db.

180 3079 198 3127 4
219 3072 374 3142 imponitur
390 3076 432 3146 gd
454 3076 581 3145 (buntur
597 3077 653 3145 rb).
681 3077 745 3144 sort.
763 3092 815 3132 ace.
840 3093 874 3135 ex
892 3077 1017 3148 munus
1038 3079 1071 3135 eb
1086 3096 1110 3135 r.

145 3143 342 3201 occubitum
368 3147 395 3201 d.
421 3148 425 3215 Ι
450 3145 623 3202 Marruuium
644 3163 675 3217 p,
702 3146 862 3206 Marubium
884 3149 911 3204 d.
970 3150 1112 3209 'imnum
1135 3163 1162 3219 9,

143 3216 258 3271 tunsum
271 3217 308 3271 rb
318 3216 399 3287 (Pila
419 3217 571 3273 contritum
580 3218 607 3274 d.
644 3224 678 3272 13
688 3218 955 3290 comma<slicatss>
968 3219 1001 3275 iat
1012 3225 1070 3277 red.
1078 3229 1126 3291 9⁰.

146 3292 181 3342 14
198 3286 279 3342 iubet
301 3288 327 3344 d.
382 3292 417 3342 15
436 3287 587 3344 concidunt
609 3289 639 3343 eb
661 3288 811 3372 imponunt
832 3291 858 3346 d.
884 3291 888 3360 Ι
913 3289 960 3349 vel
980 3292 1063 3348 aceto
1081 3292 1109 3349 d.
1167 3356 1172 3365 g

146 3363 180 3413 lc
198 3375 248 3414 sau
265 3374 301 3413 ex
318 3376 356 3413 m.
374 3358 419 3414 rb.
475 3363 509 3414 19
528 3359 666 3414 eiusdem:
690 3375 717 3415 er
734 3361 762 3416 d.
786 3361 791 3430 Ι
816 3376 851 3418 ex
872 3361 1011 3418 nibrorb.
1066 3366 1163 3421 ilse-

135 3430 271 3551 Zamae
282 3428 484 3556 ἶοέπαῡὶοηοω
503 3431 625 3501 appellat
643 3431 689 3485 Pl.
714 3430 719 3502 i
743 3434 860 3488 excocta
877 3433 904 3488 d.
968 3437 1003 3488 22
1026 3433 1162 3491 ablatione

124 3512 137 3547 ι
227 3499 278 3552 ‘r
339 3518 387 3556 mo
406 3505 455 3558 etc.
