2384 3796
457 151 499 161 -
545 114 610 181 201
658 60 707 162 -x

64 277 183 356 potioni
209 276 404 339 reicientibus
428 279 603 358 sanguinem
630 277 859 339 saluberrimum
882 278 977 340 credi·

66 373 132 447 tur,
165 365 273 426 tussim
298 367 414 446 mitigat
437 385 507 431 cum
538 384 621 429 mero
648 374 760 447 potum.
806 367 910 429 eadem
936 376 968 429 et
988 359 1063 427 (Gal.

67 455 179 517 cetone
201 453 318 515 arboris
340 454 476 535 partibus
496 457 542 517 vis
559 456 659 518 inesse
681 455 821 536 traditur,
844 463 879 518 ut
897 434 1091 517 loba¹¹’⁸2⁷l

68 542 114 604 vel
138 550 243 605 cortex
264 543 302 606 ad
324 550 443 623 tempus
466 541 622 623 adsumpta
640 547 774 625 aperiant
796 552 926 624 purgent
948 554 979 607 et

21 645 56 687 5
69 639 242 695 extenuent

136 814 248 879 tum
280 817 329 873 De
352 816 518 875 abelleno.

137 930 295 995 Abellanae
317 937 349 995 in
373 933 440 996 cibo
464 942 600 1014 sumptae
623 934 756 997 dolorem
781 937 870 1016 capiti
892 937 975 997 lncu·
1011 928 1056 984 Pl.

70 1025 163 1105 liunt,
183 1023 369 1085 stomachum
389 1023 540 1085 inllatlone
561 1024 742 1085 distendunt.
771 1025 891 1104 corpori
905 1005 1075 1087 sane²³’⁷⁸·

48 1111 283 1192 'pinguedinem
302 1113 470 1174 conferunt.
506 1115 602 1174 siccae
624 1115 650 1173 si
673 1115 704 1173 in
722 1131 791 1173 vaso
815 1111 898 1173 fictili
917 1119 978 1174 tor·

69 1208 208 1282 reantur,
227 1200 476 1263 destillationibus
494 1202 664 1282 mitigandis
677 1200 833 1262 utilissime
849 1200 978 1262 offerun-

10 1446 41 1489 ’νο
135 1431 284 1506 Amygdala
306 1431 394 1489 dulcia
410 1434 525 1490 virtutes
540 1432 718 1489 calidissimas
730 1430 831 1488 babent
845 1439 873 1487 et
888 1433 1093 1503 nutri-(satio)

67 1525 132 1573 unt.
170 1514 255 1574 calida
270 1524 336 1573 suot
351 1515 386 1573 ob
406 1517 614 1592 pinguedinem,
636 1518 762 1575 nutriunt
784 1517 846 1592 quia
868 1532 979 1574 carnosa

65 1607 147 1658 suut.
184 1597 324 1676 amygdala
347 1602 651 1681 recentiastomaobum
666 1609 790 1661 onerant.
827 1601 897 1659 sicca
919 1617 980 1659 cum

67 1683 199 1759 pellicula
221 1701 271 1742 sua
293 1692 412 1742 comesta
434 1686 575 1743 stomacho
600 1687 692 1758 utilia,
716 1693 839 1743 ventrem
861 1693 979 1756 movent,

69 1765 233 1827 ebrletatem
248 1777 357 1842 arcent,
380 1786 505 1826 somnum
522 1768 633 1828 iaciunt.
671 1771 798 1827 tritorum
814 1787 875 1826 cum
890 1778 981 1826 menta

10 1864 51 1947 ps
71 1867 156 1910 sucus
177 1856 338 1929 sanguinem
353 1856 497 1912 coicientes
520 1854 601 1912 iuvat.
638 1854 728 1912 nuclei
751 1855 816 1911 tosti
840 1854 981 1909 triticum

72 1937 155 1995 melle
177 1939 232 1994 dati
255 1940 351 1995 tussim
374 1939 484 1996 tollunt.

28 2036 33 2043 ·
137 2022 285 2099 Amygdala
312 2040 402 2081 amara
434 2023 548 2080 tortiora
576 2033 642 2081 sunt
668 2040 683 2080 a
710 2021 843 2081 dulcibus.
892 2022 980 2097 spleni
1001 2019 1058 2088 (91)

73 2099 187 2166 iocineri
210 2115 238 2166 et
259 2106 355 2165 morbo
378 2109 456 2182 regio
479 2107 591 2165 nucleos
619 2110 701 2166 tritos
723 2124 783 2165 cum
807 2123 881 2165 mero
903 2107 983 2182 potui

73 2181 148 2249 dato.
186 2194 281 2251 tntum
296 2208 357 2250 cum
374 2192 437 2251 oleo
458 2192 619 2250 instillatum
637 2191 748 2250 aurbus
763 2194 901 2266 antiquam
923 2208 983 2248 sur·

73 2263 166 2335 didam
182 2277 265 2335 tollit.
295 2293 355 2334 eum
372 2293 446 2335 mero
468 2285 565 2350 potum
588 2280 685 2335 tussim
700 2277 781 2334 tollit.
812 2279 904 2335 tritum
920 2292 982 2333 cum

71 2363 152 2417 aceto
167 2361 279 2418 vulnera
294 2363 322 2418 in
337 2369 430 2419 mento
452 2369 515 2419 nata
531 2367 559 2419 et
579 2363 744 2436 inpetigines
761 2360 843 2419 tollit.
880 2360 981 2434 gummi

72 2445 171 2503 e<litim
193 2454 240 2504 aut
262 2447 376 2521 cbymus
399 2447 491 2518 (cimas
513 2444 586 2521 cod.)
609 2463 641 2503 ea
663 2463 746 2520 posca
767 2447 847 2502 datur
869 2444 979 2518 sangui·

69 2527 138 2584 ”em
157 2529 341 2588 reicientibus.
380 2525 528 2608 [hepaticis
551 2547 673 2606 congrua
694 2539 760 2587 sunt
781 2538 899 2605 purgato
922 2545 982 2586 cor-

70 2601 130 2669 llce
150 2615 180 2672 in
202 2631 271 2690 aqua
295 2615 384 2689 tepida
408 2624 435 2673 et
456 2615 497 2671 sic
518 2609 719 2692 comedantur]

64 2706 289 2741 N-——-
329 2737 352 2748 ⁶

147 2845 161 2892 1
181 2833 372 2894 reiicieotibus
392 2836 466 2906 (bie)
483 2853 509 2905 9.
535 2834 539 2907 Ι
567 2853 590 2891 r.
609 2850 686 2906 sang.
705 2836 820 2907 prodest
837 2836 863 2891 d.
933 2841 949 2890 Ξ
971 2834 1093 2905 (eedem)

62 2973 113 3006 χ
470 2967 476 2979 ,
507 2923 602 2981 smne
708 2968 714 2979 ⁵
905 2966 925 3021 b
959 2966 965 2979 ι

65 2967 981 3120 1cret..,a<stetinenseslesse
1003 2965 1093 3091 sa:

14 3138 17 3145 ·
62 3106 1092 3188 enmpme,anumptat==umptsro.1epenamponattetp:

63 3180 126 3239 00,
144 3182 253 3252 ol(rb).
322 3181 364 3235 to.
383 3185 409 3236 et
426 3185 443 3235 6
462 3179 609 3243 ebellonae
627 3196 678 3249 po:
698 3179 825 3236 avellano
844 3179 878 3235 ld
891 3179 958 3248 (rb).
1028 3183 1093 3232 dm

10 3274 12 3279 ·
65 3247 138 3311 cibo
155 3285 188 3295 -
204 3255 242 3323 (8)
264 3251 358 3307 ierunt
379 3252 424 3306 bic
450 3267 500 3306 oto.
524 3251 561 3321 d,
592 3252 639 3306 sed
661 3253 724 3307 odd.
749 3253 781 3306 io
802 3251 857 3317 pice
884 3266 943 3319 cop.
971 3251 976 3317 Ι
1006 3245 1096 3316 capili

65 3326 165 3383 uelde
183 3323 235 3380 tis
251 3323 297 3378 rb.
354 3328 368 3376 7
387 3321 532 3378 inflatione
552 3321 727 3378 stomachum
746 3322 773 3378 d
791 3322 836 3376 rb.
853 3323 858 3391 Ι
874 3337 940 3376 sane
958 3335 1010 3375 om.
1027 3319 1055 3373 d.

69 3388 907 3464 Rdooooinvasef.sit.ro.1vasoyo=voseta(rot
966 3387 1093 3445 sustit-

70 3451 230 3526 lenonibus
247 3465 399 3536 qoldbb).
416 3466 421 3533 Ι
437 3463 588 3519 offeruntur
606 3465 633 3520 d.
