2384 3796
456 85 699 178 --169-Τ

61 248 142 308 teris
161 255 192 307 et
209 265 300 308 coxae
318 246 439 308 dolores
459 265 528 309 cum
549 250 675 327 axungia
693 256 793 310 vetere
814 249 975 311 citicaciter

61 335 269 397 admoventur.
306 336 436 397 eundem
458 339 591 397 cinerem
613 339 640 397 si
662 339 729 416 quis
753 338 884 418 psilotris
906 357 975 400 curn

60 430 151 486 aceio
165 433 196 485 et
209 423 304 486 lasere
319 427 522 505 coniunxerit,
535 426 662 486 detracti
674 426 727 505 pili
741 444 802 486 uon
815 444 974 488 renasceu·
1011 475 1037 529 G

59 522 124 574 tur.
161 506 238 593 apud
263 512 407 575 Gelenum
429 515 547 574 invenio
570 516 684 575 semiue
712 514 860 576 brassicae
883 518 1080 616 pompm.)

26 603 252 680 maximeque
272 604 422 683 aegyptiae
448 620 522 681 qnae
546 602 751 663 vehementior
773 602 817 664 illi
839 604 964 685 videtur,
976 627 1028 675 nn,
1036 623 1078 671 42.

59 689 230 751 lumbricos
253 698 284 752 et
306 693 405 752 omnia
431 693 512 752 intus
540 691 675 752 animalia
698 694 840 771 extingui.
876 692 1080 773 pulvisPt,20,

60 797 81 839 e
105 780 208 840 cinere
235 779 369 841 radicum
391 781 537 840 iacentem
565 798 652 841 uvam
680 779 833 842 subiectus
856 773 1069 847 atrouit.36‚9⁵·

59 867 195 928 Metilius
218 867 353 930 adfirmat
374 887 448 929 uvae
467 887 533 929 esse
554 868 686 929 remedia
703 869 833 930 radicem
855 869 972 950 plantae
1018 877 1034 910 *

60 955 196 1018 avulsam
210 956 346 1036 colloque
361 974 537 1035 suspensam
551 960 592 1018 ita
606 975 644 1018 ne
659 966 771 1019 terram
785 967 853 1039 post
866 976 972 1019 runca-

14 1047 177 1111 sationem
200 1048 359 1126 conungat.

130 1175 255 1232 xm.
286 1177 338 1231 De
360 1189 535 1246 asparago.
1005 1165 1049 1220 Pl·

130 1276 279 1355 Asparago
312 1277 391 1336 inest
417 1283 448 1336 et
480 1274 587 1337 caloris
616 1275 812 1357 aliquantum,
844 1276 896 1337 scd
928 1241 1088 1337 illi20’422.

60 1365 153 1425 etiam
185 1366 306 1444 styptici
338 1366 447 1443 vigoris
475 1372 676 1445 temperatura
707 1367 859 1425 miscetur.
902 1365 970 1426 inde

126 1540 247 1598 Caulium
271 1549 455 1616 generarunt
478 1543 613 1616 quinque,
642 1558 771 1600 cumanus
794 1544 971 1617 pompeianus
997 1538 1053 1606 (29)

59 1626 182 1683 aricinos
204 1625 347 1684 sabellicus
369 1626 503 1696 bruttius,
526 1644 579 1682 oua
602 1628 692 1683 virtus,
710 1626 805 1685 calida.
841 1645 971 1684 cumanus
1004 1626 1050 1679 Pi.

16 1715 45 1757 1⁶
59 1709 182 1783 sessilis,
204 1711 342 1785 incapite
364 1709 432 1767 lusis
454 1720 482 1767 et
503 1710 645 1767 latioribus
673 1710 755 1769 loliis.
792 1714 969 1786 pompeianus
982 1702 1068 1768 1e,41.

59 1811 94 1852 ex
108 1795 162 1850 ima
177 1801 254 1868 parte
276 1794 452 1851 tenuissimus
469 1802 556 1851 totum
573 1812 672 1868 corpus
688 1796 716 1851 iu
732 1804 812 1868 caput
835 1797 971 1852 contrahit

60 1888 187 1936 tenerum
208 1879 274 1935 alias
297 1887 325 1935 et
346 1887 440 1936 contra
463 1878 566 1954 frigora
588 1878 734 1936 infirmum.
771 1880 901 1936 aricinum
917 1879 970 1936 ire·

59 1961 210 2037 quentibns
231 1963 321 2034 loliis,
349 1963 467 2038 sedqoi
489 1972 580 2019 tamen
603 1963 655 2019 alio
678 1963 759 2020 modo
782 1970 879 2038 pensat
900 1980 970 2039 quaa

58 2046 234 2104 reciduntur:
249 2049 366 2122 plurimo
379 2048 456 2105 caule
464 2048 623 2108 renascitur.
647 2048 791 2104 sabellicus
799 2056 841 2105 est
853 2049 968 2123 crispus,

16 2135 46 2180 2⁰
59 2148 160 2206 sapore
186 2131 376 2205 dulcissimus,
410 2148 518 2189 crassus
544 2132 572 2188 iu
600 2131 689 2204 loliis,
717 2131 793 2189 caule
815 2133 968 2191 macilento.

58 2215 181 2277 bruttios
203 2217 327 2273 altissimi
350 2216 472 2288 fruticis,
494 2217 646 2274 tenuissimi
668 2217 752 2274 caulis
774 2226 802 2273 et
824 2216 894 2273 duri.

124 2299 154 2356 ln
182 2300 243 2358 cibo
272 2299 421 2373 utilissimi,
452 2310 479 2357 et
508 2308 628 2358 ventrem
655 2307 765 2358 movent
792 2309 819 2357 et
847 2303 962 2358 urinam.
991 2298 1047 2365 (Pl.

57 2401 142 2442 sncns
171 2401 265 2441 eorum
287 2387 316 2441 in
338 2386 401 2442 vino
429 2387 530 2442 mistus
558 2387 661 2441 aurium
689 2385 800 2443 dolores
822 2385 968 2442 instillatus
979 2371 1069 2439 20,33)

57 2476 159 2528 sanat.
194 2485 287 2526 semen
310 2485 404 2526 eorum
427 2486 488 2526 cum
503 2471 566 2526 vioo
588 2471 682 2526 tritum
704 2478 799 2544 potum
822 2470 968 2526 lumbricos

14 2558 43 2603 2⁵
56 2563 86 2612 et
109 2555 197 2610 tineas
219 2556 322 2610 ventris
343 2557 490 2627 interficit.
529 2554 651 2610 caleiaoit
673 2564 700 2610 et
723 2554 760 2610 iel
784 2554 903 2611 deducit.

132 2727 146 2775 1
166 2722 196 2776 et
214 2736 299 2776 coxae
316 2719 382 2788 pot:
402 2736 543 2790 coxaeque
561 2722 605 2775 rb.
623 2722 626 2784 Ι
642 2722 737 2775 vetere
755 2722 821 2790 got:
841 2719 877 2774 ·ri
895 2722 939 2777 rb.
991 2729 1007 2776 2
1026 2725 1074 2778 ad-

55 2792 188 2848 movetur
209 2807 256 2861 pc.
283 2793 287 2862 i
312 2791 486 2861 eundemque
508 2793 552 2848 rb.
577 2794 582 2859 Ι
606 2791 773 2862 psilot(h)ris
795 2792 870 2860 r(b):
903 2791 1025 2862 spilotris
1047 2811 1074 2864 p,

54 2861 182 2934 prl'lotui
196 2879 226 2927 o,
253 2862 297 2932 pis
319 2861 401 2917 lociis
420 2864 437 2917 t.
496 2863 623 2918 tlasere
645 2879 696 2931 pc:
724 2863 828 2918 lassare
847 2864 869 2931 t,
896 2863 986 2920 lasere
1005 2865 1072 2937 rbi

53 2932 231 3005 ciuncixerit
248 2950 272 2988 n.
322 2938 340 2986 4
358 2931 500 3002 moenum
519 2935 555 2988 tr.
573 2935 578 3002 Ι
594 2936 689 2989 autem
707 2933 877 2990 inventore.
894 2936 899 3004 ῐ
916 2935 1020 2990 semine
1031 2977 1037 2990 .
1049 2979 1073 2994 ..

54 3007 126 3077 poto
145 3019 205 3074 epos
233 3021 328 3060 semen
347 3004 417 3072 (sem
434 3007 462 3074 o)
482 3046 488 3059 .
508 3046 535 3062 ..
554 3008 623 3074 potia
642 3006 773 3075 polirb).
837 3006 1011 3076 dextingui:
1034 3009 1074 3062 cic

54 3077 187 3147 pcipi).
243 3081 258 3130 7
278 3092 293 3130 e
311 3076 377 3145 pol:
396 3091 463 3131 vero
482 3092 517 3131 ex
535 3077 578 3131 rb.
596 3079 600 3146 Ι
617 3076 731 3132 adtollit
748 3093 764 3130 o
784 3078 848 3147 (att-
865 3079 902 3147 p).
957 3083 973 3131 8
992 3078 1074 3132 Meli-

55 3149 115 3204 tioa
132 3148 201 3217 gol,
217 3145 346 3202 melisius
366 3145 425 3201 Ode
444 3147 490 3214 (cs.
503 3147 621 3203 Meletos
641 3148 686 3202 ΡΖ.
702 3153 762 3213 283
781 3163 803 3203 a.
821 3146 935 3205 Miletos
950 3150 995 3203 Pl.
1013 3150 1071 3204 ind.

56 3221 116 3290 28):
144 3216 245 3272 illelius
269 3234 380 3287 quoqne
403 3218 448 3272 rb.
474 3223 478 3285 Ι
504 3217 633 3274 adfirmat
654 3235 683 3273 o:
711 3218 835 3274 affirmat
855 3235 882 3289 p.
936 3225 952 3274 9
975 3226 1072 3274 runca

54 3290 163 3345 fiunem
174 3288 223 3343 hm:
237 3287 443 3344 truncationem
452 3290 517 3357 gol,
532 3289 703 3346 evulsionem
712 3290 749 3345 rb
761 3289 851 3360 (Octo).
889 3296 920 3343 11
933 3293 962 3344 et
970 3305 1021 3344 om.
1031 3289 1071 3373 ct]

56 3359 265 3430 aliquantulum
284 3361 323 3414 ld.
380 3365 413 3413 12
433 3358 519 3414 etiam
537 3359 582 3414 illi
599 3360 703 3431 vigoris
723 3359 831 3430 stiptici
849 3362 869 3415 t.
889 3362 915 3417 d.
937 3362 941 3429 Ι
966 3360 1073 3430 stipticr

56 3432 140 3488 etiam
156 3447 175 3502 g
194 3429 324 3502 (styptici
341 3434 377 3501 c).
