2384 3796
485 125 727 189 -116-

221 285 243 341 L
272 286 317 340 Ad
335 287 474 339 tumorem
491 281 597 352 pedum

208 357 245 412 LI
272 357 318 411 Ad
336 372 483 426 permones

198 429 249 483 LII
276 428 319 482 Ad
339 426 515 495 interdigitia

183 501 247 556 LIII
273 500 319 554 Ad
336 497 470 568 paronitii
487 496 613 552 dolorem

168 572 245 627 LIIII
272 572 318 627 Ad
336 570 505 640 ungularum
523 566 648 622 dolorem

196 643 247 698 LV
274 642 320 697 Ad
338 641 463 709 corporis
481 638 674 694 sslubrItatem

182 713 246 768 LVI
273 713 319 766 Ad
336 711 467 782 lythenas

171 784 247 839 LVII
273 784 319 837 Ad
338 781 566 852 elephantiasin*

158 855 250 910 LVIII
271 854 321 908 ‘Ad
339 854 468 908 morbum
486 848 661 907 comicialem

185 926 250 981 LIX
277 924 322 979 Ad
340 923 470 979 morbum
487 922 596 993 regium

199 996 249 1051 LX
276 996 321 1050 Ad
339 994 476 1065 yctericos

442 1166 560 1236 capito
582 1163 662 1220 libri
684 1163 790 1220 tertii.

238 1285 251 1337 I
278 1281 324 1334 Ad
341 1280 433 1335 febres
452 1279 557 1334 calidas
575 1275 783 1332 intercidendas
903 1275 905 1279 ’

222 1354 249 1408 Π
276 1351 321 1406 Ad
339 1350 520 1420 emytmteum

211 1424 250 1478 III
277 1422 322 1476 Ad
341 1420 433 1476 febres
452 1418 608 1489 periodicas
665 1438 670 1454 ²

196 1495 251 1549 IIII
277 1493 323 1546 Ad
341 1488 520 1561 quotidianas

222 1564 249 1617 V
277 1563 322 1616 Ad
340 1561 477 1616 tertianas

204 1634 251 1689 ·Vl
278 1632 323 1688 Ad
341 1634 492 1715 quartanas

199 1703 252 1760 VH
280 1704 325 1759 Ad
342 1703 508 1775 hthargicos

183 1777 250 1831 VIII
278 1775 323 1830 Ad
342 1792 470 1831 somnum
487 1773 697 1844 provocandum

210 1848 250 1903 IX
277 1847 323 1901 Ad
340 1846 488 1902 freneticos

224 1921 251 1975 X
277 1919 322 1973 Ad
341 1917 514 1988 epylenticos

146 2009 147 2012 ¹
212 1991 253 2045 XI
279 1989 324 2044 Ad
343 1987 485 2044 cardiaces

201 2059 254 2114 XII
280 2059 326 2113 Ad
344 2059 479 2128 hydropis
497 2057 610 2112 Initium

186 2131 252 2184 XIII
279 2130 324 2184 Ad
344 2128 514 2199 paralyticos

172 2201 252 2256 XIIII
279 2200 325 2255 Ad
343 2199 498 2271 podagram

201 2272 254 2327 XV
280 2271 326 2326 Ad
343 2287 443 2325 nervos
461 2274 491 2326 et
508 2269 641 2326 articulos
661 2272 690 2325 et
707 2268 854 2327 artidricos

187 2342 254 2397 XVI
279 2342 326 2396 Ad
344 2341 490 2412 syderatcs

171 2413 251 2468 XVII
278 2413 324 2468 Ad
342 2413 459 2468 vulnera

160 2485 253 2539 XVIII
281 2483 312 2539 si
330 2483 392 2554 quis
411 2484 470 2538 ictu
487 2501 615 2554 pugnum
632 2482 683 2539 vel
698 2501 812 2539 manum
830 2483 945 2548 laeserit

188 2556 255 2610 XIX
281 2556 326 2610 Ad
344 2554 497 2610 fracturam
515 2571 564 2610 seu
581 2555 728 2627 rupturam
746 2553 829 2624 pellis

199 2626 252 2681 XX
279 2627 326 2681 Ad
343 2626 461 2681 vulnera

188 2696 254 2752 XXI
281 2697 327 2751 Ad
344 2696 509 2766 sanguinem
528 2714 562 2752 ex
579 2696 740 2753 vulneribus
759 2696 922 2752 sistendum

174 2768 255 2822 XXII
280 2767 326 2821 Ad
343 2767 438 2822 ulcera
461 2771 490 2823 et
506 2783 615 2823 vermes
637 2767 750 2823 innatos
767 2767 814 2823 vel
836 2768 873 2822 sd
896 2783 995 2825 nomas
1013 2767 1069 2824 stre
1083 2755 1110 2819 sl

281 2838 390 2892 fistulas
408 2837 534 2894 ulcerum

163 2907 256 2963 XXIII
284 2908 329 2963 Ad
348 2910 523 2979 apostemate
539 2908 675 2964 interiora

149 2979 255 3034 XXIIII
281 2979 326 3034 Ad
345 2979 440 3035 omnia
458 2980 596 3036 exteriora
614 2981 790 3050 apostemata
807 2980 854 3036 vel
871 2982 995 3037 tumores

177 3048 256 3104 XXV
282 3051 328 3104 Ad
347 3050 526 3107 collectiones
545 3050 591 3107 vel
608 3054 731 3106 tumores
926 3101 929 3107 .

165 3120 257 3175 XXVI
285 3122 329 3175 Ad
347 3122 479 3192 styrosIm
496 3121 602 3178 ventris
620 3122 666 3177 vel
685 3123 823 3178 stomachi

148 3191 253 3248 XXVII
280 3192 326 3246 Ad
343 3192 489 3262 paniculas

135 3263 253 3320 XXVIII
280 3263 326 3317 Ad
344 3265 455 3334 cyratas
473 3264 549 3334 qnod
569 3265 633 3318 sunt
651 3259 812 3334 glandiolae

161 3334 255 3391 XXlX
281 3334 327 3388 Ad
344 3337 464 3389 strumas

175 3405 254 3461 XXX
283 3405 547 3462 elemosmarum

167 3476 257 3531 XXXI
284 3476 330 3531 Ad
347 3475 483 3548 papulam
500 3475 613 3532 noxiam
