2416 3802
419 187 661 250 —163-

35 349 64 411 in
89 368 123 410 se
146 352 236 411 etiam
258 350 409 412 molliendi
434 357 625 432 potestatem,
653 353 678 411 si
706 353 820 430 graecis
843 360 943 414 aucto·
961 355 1031 411 ubi?

36 439 120 500 rihus
152 440 303 501 eredimus
341 441 429 501 etiam
461 439 627 501 nutriendi:
664 440 778 501 nullum
814 441 943 520 deniqne

40 527 213 589 athletarum
234 527 339 595 cibum,
352 530 416 589 sine
435 528 543 590 anetho
562 547 628 590 esse
646 532 809 609 patiuntur.
841 547 943 609 aegro·

41 615 167 679 lantibus
193 618 318 698 prodest
348 635 417 679 cum
449 636 485 678 ex
513 617 578 678 oleo
611 619 790 698 tepefactum
818 618 943 679 cerebro

22 705 211 768 tiniunditur.
253 707 385 768 creditur
412 707 482 766 dare
509 706 567 767 illis
590 706 702 786 aliquas
718 715 755 768 et
783 706 876 768 febris
899 709 943 767 in-

42 792 146 877 dutias,
178 797 293 874 mitigat
323 797 427 876 capitis
454 795 585 878 dolores,
616 814 778 857 nervorum
805 804 943 856 tonsuras

40 882 161 965 relaxat,
195 903 255 945 non
287 885 469 945 dormientes
501 885 537 945 ad
569 903 654 965 spem
686 887 795 965 quietis
831 886 943 945 invitat.

39 972 181 1034 stomachi
208 973 345 1052 querelas
373 981 492 1034 coctum
518 977 550 1034 in
578 992 670 1053 aquae
702 972 814 1054 cyathis
846 972 944 1034 trihus

37 1068 141 1138 potum
163 1063 240 1122 miro
262 1063 350 1123 modo
378 1062 501 1123 relevat:
533 1070 638 1123 ructus
666 1063 776 1123 indicio
804 1071 863 1143 est,
888 1081 944 1141 per

10 1156 127 1229 ³tinem
158 1150 331 1231 intellegere
358 1151 446 1212 datan
479 1159 581 1231 aperta
607 1153 705 1212 omnia
737 1169 812 1230 quae
845 1151 944 1211 clausa

37 1239 223 1319 torquebant.
261 1241 441 1320 digestiones
464 1240 595 1301 adiuvat:
617 1240 684 1300 ideo
708 1245 842 1300 ventrem
864 1239 943 1299 vide·

38 1331 87 1388 tur
113 1328 258 1391 inhibere.
295 1330 445 1390 intestinis
472 1327 675 1389 laborantibus
698 1336 729 1389 et
757 1329 870 1388 ventris
893 1327 943 1386 do-

39 1411 93 1476 lori
113 1417 161 1478 vel
184 1436 221 1479 ex
243 1436 320 1498 aqua
342 1418 444 1478 datum
466 1419 498 1477 in
515 1420 636 1497 potione
661 1418 819 1478 succurrit.
856 1418 943 1476 tritae

42 1504 151 1571 radices
175 1514 205 1567 et
234 1509 379 1587 inpositae
407 1505 575 1569 iervorihus
598 1507 757 1568 medentur
780 1504 944 1566 oculorum.

10 1594 114 1654 ncinis
136 1597 201 1656 eius
228 1596 384 1676 suspendit
406 1613 494 1655 arram
516 1594 653 1656 iaucihns
680 1598 944 1675 ingravescentem.

10 1682 12 1687 '
47 1680 172 1744 radicum
198 1685 296 1745 acrior
323 1685 399 1745 cinis
426 1692 485 1764 est,
512 1684 586 1745 adeo
614 1692 648 1744 ut
675 1691 820 1744 curentur
848 1701 884 1742 ex
908 1701 944 1742 eo

49 1776 74 1830 et
88 1790 154 1833 caro
174 1791 315 1834 crescens
334 1781 365 1834 et
387 1773 540 1833 sordidum
553 1772 661 1833 vulnus
680 1781 710 1834 et
729 1789 803 1852 quae
822 1789 944 1849 serpere

49 1856 193 1940 incipiunt
229 1880 332 1923 semen
359 1862 553 1923 fervefactum
583 1861 794 1940 admotumque
822 1858 945 1920 naribus

52 1946 193 2029 singultire
216 1968 276 2011 non
298 1953 419 2031 patitur.

53 2118 251 2135 κῇ-

102 2199 218 2256 luctum
233 2199 355 2257 calefacit
369 2208 398 2256 et
411 2199 562 2274 restringit.
589 2197 716 2272 prohihet
731 2203 945 2254 sternutamenta
964 2202 1019 2270 (38)

54 2281 148 2340 unlus
171 2284 336 2358 oppositum.
374 2283 511 2342 deiectum
539 2283 672 2339 stomachi
696 2275 817 2358 [curat]‚
847 2282 944 2353 capitis

50 2359 211 2425 loannes
232 2370 378 2441 vertigines
394 2361 513 2447 [sedat].
549 2368 578 2424 in
600 2383 669 2441 aqua
690 2373 799 2423 coctum
821 2372 944 2440 potatum

54 2443 236 2528 indigestiouea
251 2460 279 2510 et
294 2469 371 2511 acres
386 2461 481 2509 ructus
497 2451 579 2511 tollit.
609 2452 638 2508 in
656 2451 717 2508 oleo
733 2457 842 2507 coctum
858 2451 944 2523 capite

54 2527 80 2587 le
90 2536 183 2594 codem
199 2547 284 2595 undo
298 2554 423 2595 somnum
438 2537 512 2594 iacit.
541 2553 635 2594 semen
649 2537 708 2593 eius
722 2552 755 2592 ex
771 2535 832 2591 vino
848 2542 944 2608 potum

24 2618 170 2680 ”tunnas
193 2623 294 2679 ventris
317 2629 345 2679 et
366 2623 559 2679 intestinorum
581 2620 663 2682 tollit.

107 2901 124 2950 3
142 2894 345 2966 Agrotuntihus
362 2910 388 3019 g).
443 2899 461 2947 4
479 2910 514 2949 ex
529 2895 596 2962 gela
615 2894 725 2948 ona.rh.
742 2891 876 2958 {cerebro
894 2890 1053 2974 infunditur

47 2966 103 3029 uult
121 2983 156 3022 uc
173 2965 271 3022 crebro
289 2969 363 3036 (cere
383 2981 414 3020 ro
429 2965 480 3035 hm)
498 2963 679 3019 infusumrh.
730 2962 885 3018 heredites·
903 2978 978 3017 enam
995 2962 1052 3016 illis

47 3031 103 3092 dnre
120 3054 145 3093 aa
163 3039 209 3093 rh.
231 3037 236 3108 Ι
256 3035 388 3092 et-fehris
405 3052 456 3106 go,
479 3035 566 3091 febris
589 3037 649 3105 (om.
669 3037 709 3105 et)
727 3035 750 3090 l:
773 3051 809 3089 ex
826 3034 903 3089 febre
920 3035 965 3088 rb.
987 3033 991 3103 Ι
1011 3033 1052 3086 in·

45 3104 133 3165 ducias
149 3109 217 3179 c(l).
272 3106 422 3178 omitigas
441 3107 491 3175 (aie
519 3123 545 3176 9.
601 3103 799 3162 idormientie
816 3121 834 3175 9
853 3106 918 3173 (tes
936 3106 1016 3174 eye).

43 3183 56 3232 9
72 3179 160 3235 modo·
171 3179 244 3235 miro
254 3180 271 3234 l.
292 3182 297 3248 l
321 3179 429 3234 relevat
444 3179 476 3233 ol
495 3179 545 3246 rb,
560 3177 633 3233 solet
645 3177 786 3248 depellere
800 3175 881 3245 Odo):
904 3175 1014 3230 revelet
1026 3189 1051 3242 9.

41 3248 162 3323 lindicio
180 3253 224 3307 est
240 3252 335 3306 ructus
348 3251 393 3305 rh.
449 3255 483 3304 to
501 3248 665 3319 intellegere
684 3249 766 3304 datm
777 3264 816 3318 gc
826 3248 892 3318 (lb):
911 3246 995 3300 datur
1012 3245 1053 3297 in·

37 3322 129 3392 talligi
145 3339 163 3378 r
180 3323 225 3391 (ef.
244 3338 267 3380 a.
281 3324 335 3391 26).
352 3322 356 3390 Ι
372 3320 480 3376 omniu:
499 3321 535 3388 cf.
551 3319 610 3375 Ode
629 3322 671 3389 (oa
685 3318 840 3402 stomachi).
888 3323 920 3370 11
940 3315 1056 3398 ridetur

36 3396 163 3452 vantram
180 3395 199 3448 l.
254 3399 287 3448 12
307 3395 337 3448 ei
352 3392 459 3447 ventris
481 3390 572 3448 dolori
594 3393 660 3461 got:
688 3393 718 3446 et
739 3391 831 3445 ventri
852 3390 898 3444 rh.
954 3391 988 3440 15
1010 3402 1053 3439 1n-

31 3464 264 3537 gmvaeoentibua
291 3481 314 3520 r.
380 3470 413 3519 to
440 3481 461 3517 r.
485 3479 551 3518 vero
579 3461 670 3518 acrior
696 3463 743 3517 rb.
809 3466 843 3516 18
871 3456 1054 3516 samsucius

30 3537 117 3594 Μ).

864 3617 923 3674 hh*
