2416 3802
516 171 735 234 „27-

118 326 249 410 ponitur
265 332 421 392 adversum
449 331 590 393 dolorem.
628 334 759 411 caprifici
782 333 865 394 radix
894 336 1131 406 (2212222142)

118 439 174 500 per
196 438 309 481 messes
333 421 487 502 inciditur,
511 429 541 481 et
560 422 632 482 baec
650 424 741 482 mittit
759 439 864 483 sucum

118 511 304 588 aptissimum
318 509 421 571 dolori.
458 509 582 571 nucleus
606 510 696 589 gallae
716 529 863 571 comman-
892 521 979 584 2210.

118 597 244 658 ducatus
267 597 363 659 dolori
379 599 531 679 medetur,
562 599 663 659 taedae
684 601 810 678 pingues
833 601 864 659 in
892 610 979 673 24,41.

89 686 229 747 castulus
252 688 451 748 conciduntur
474 695 504 748 ct
525 688 557 747 in
580 695 664 748 aceto
684 696 864 768 coquuntur,

117 775 208 853 idque
232 782 348 836 acetum
371 778 402 837 iu
432 795 483 837 ore
515 778 693 836 continetur.
731 794 806 855 aqua
829 779 864 837 in
892 785 979 849 24,42.

118 881 177 941 qua
191 863 333 925 lentiscus
348 865 489 926 decoctus
503 873 549 925 est
562 865 687 925 mobiles
701 865 864 925 contirmat.

117 951 262 1013 ruborum
280 955 311 1013 in
330 953 438 1032 quibus
452 972 535 1014 mora
549 961 713 1015 nascuntur
733 955 865 1033 pampini
892 963 995 1025 actia.

117 1040 327 1120 decoquuntur
349 1045 380 1102 iu
398 1045 466 1103 vino
485 1049 604 1103 austero
626 1051 656 1103 et
675 1042 863 1103 commandu-

73 1142 103 1182 10
118 1137 224 1190 cantur
247 1131 403 1192 adversum
423 1131 629 1210 mobilitatem,
652 1131 742 1210 idque
761 1133 864 1191 vinum

116 1221 149 1279 in
164 1237 214 1278 ore
229 1226 358 1280 tenetur.
383 1219 567 1280 millefolium
584 1221 616 1278 in
635 1219 736 1279 dolore
752 1219 862 1279 mandi·
891 1229 996 1292 24252.

116 1314 167 1367 tur
198 1309 361 1387 tritumque
394 1308 527 1368 maxillae
560 1309 732 1385 imponitur.
780 1307 863 1367 radix
891 1316 995 1379 anteo.

115 1395 284 1475 hyoscyami
307 1415 346 1456 ex·
366 1405 450 1458 aceto
474 1396 745 1457 commanducatur.
781 1395 862 1474 plan·
925 1397 962 1452 ib.

115 1486 224 1562 taginis
246 1485 330 1545 radix
353 1486 502 1546 manditur
526 1492 555 1545 et
578 1485 712 1545 eiusdem
735 1502 807 1544 suco
831 1487 862 1544 in

74 1583 101 1625 15
116 1580 200 1632 aceto
219 1572 358 1635 decoctae
379 1575 526 1653 tepefacto
545 1574 649 1634 dentes
673 1573 862 1634 conluantur.

116 1662 353 1739 quinquefolium
375 1665 484 1740 inquo
507 1663 588 1741 fraga
606 1669 771 1722 nascuntur
791 1662 861 1722 elui·
890 1670 996 1734 cepoe.

115 1757 167 1810 tur
189 1757 272 1810 aceto
296 1753 356 1810 sive
380 1769 456 1830 aqua
478 1753 603 1831 marina,
632 1749 737 1810 deinde
761 1751 861 1828 coqui-

115 1845 167 1897 tur
190 1839 358 1899 ad'tertias
380 1857 417 1899 ex
444 1841 517 1903 uino
536 1847 566 1900 et
589 1845 686 1918 aceto,
714 1838 803 1916 idque
830 1841 863 1898 in

115 1944 168 1985 ore
187 1927 238 1987 diu
262 1929 439 1989 continetur.
477 1928 597 2006 quidam
618 1927 732 1987 malunt
760 1928 860 2006 cinere
925 1927 962 1980 io.

71 2028 99 2069 2ο
115 2016 181 2075 eius
209 2015 313 2076 dentes
336 2016 452 2077 fricare.
505 2016 617 2095 hysopo
647 2015 761 2076 utiliter
793 2033 861 2075 con·
925 2015 962 2072 ib.

115 2103 249 2164 luuntur.
286 2107 365 2164 cavis
395 2104 534 2166 dentibus
563 2105 638 2164 cinis
661 2105 773 2164 murini
800 2103 862 2163 fimi
890 2113 977 2176 3022.

113 2192 236 2253 inditur.
273 2211 388 2254 vermes
412 2195 524 2254 terreni
551 2193 667 2253 decocti
689 2195 720 2253 in
744 2192 808 2252 oleo
832 2199 863 2252 et
890 2203 977 2265 3023.

114 2282 179 2341 triti
201 2281 400 2343 infunduntur
419 2281 568 2343 auriculae
589 2280 625 2341 ab
645 2299 679 2341 ea
701 2289 785 2361 parte
805 2298 862 2359 qua

98 2369 220 2429 vdentes
253 2368 360 2431 dolent.
407 2370 571 2435 eorundem
605 2372 751 2430 vermium
787 2370 862 2429 cinis

69 2470 98 2512 22
115 2459 213 2517 exesis
236 2457 375 2519 dentibus
395 2461 547 2521 coniectus
567 2466 597 2519 et
615 2476 683 2518 cera
707 2457 862 2518 obturatus

113 2545 254 2624 perfacile
279 2565 329 2606 eos
353 2548 458 2608 cadere
487 2549 574 2626 cogit.
611 2546 690 2606 idem
718 2548 863 2606 vermium
925 2547 962 2600 ib.

114 2636 190 2694 cinis
213 2634 315 2695 inlitus
339 2634 507 2697 dolentibus
530 2637 623 2696 iuvat:
654 2634 789 2695 comburi
813 2634 862 2694 de-

151 2872 1130 3013 elulldlfil(llllilillld'llilll‘Piibiilbr{illidii}

114 2962 408 3090 coetae(1>l.)⁹:ae0t9
427 3020 487 3087 (sic)
501 3034 532 3087 9,
551 2964 667 3072 dgcocto
686 3019 713 3073 d.
765 3023 798 3072 18
813 3015 849 3071 ed
863 3033 892 3086 9:
911 3031 999 3084 usque
1018 3015 1054 3070 ad
1067 3015 1094 3069 d.
1175 3056 1179 3061 .

116 3095 148 3143 19
177 3107 214 3142 m.
239 3087 299 3142 eius
329 3088 421 3144 cinere
453 3090 480 3142 d.
578 3094 611 3143 22
640 3107 665 3144 v.
689 3090 710 3144 t.
738 3088 768 3142 id
801 3089 843 3142 est
873 3085 1004 3141 lumbrici
1038 3085 1130 3139 Marc.

108 3177 141 3229 p.
165 3166 199 3214 93
222 3159 275 3225 inf.
340 3165 375 3214 24
403 3178 429 3228 q,
454 3159 551 3213 dolent
569 3159 667 3214 dentes
686 3160 712 3214 d.
777 3162 811 3212 25
831 3158 972 3213 coniectus
1001 3156 1130 3223 (insertus

116 3232 233 3298 Maced:
271 3231 305 3299 cf.
335 3231 425 3300 Sittio.
453 3231 491 3284 cd
516 3230 562 3284 Pl·
589 3230 701 3298 (colotis
726 3231 795 3285 mole
821 3245 873 3284 scr.
892 3228 966 3297 doc,
996 3226 1130 3280 collectus

113 3303 184 3356 orale
207 3301 292 3369 Deil,
319 3301 430 3356 iniectis
452 3302 487 3368 r).
513 3303 516 3368 l
543 3302 571 3355 et
589 3317 653 3355 cera
670 3301 821 3356 obcuratus
838 3317 856 3369 y
875 3300 951 3366 (boec
972 3311 1029 3352 con
1051 3294 1130 3350 babet

113 3374 294 3439 caroffi),
318 3374 347 3426 et
366 3389 430 3427 cera
447 3372 590 3427 obteratur
607 3374 638 3439 d,
663 3374 692 3425 et
714 3371 832 3426 caeteris
851 3387 932 3425 caera
950 3365 1087 3423 obturatis
1104 3383 1132 3430 ag

114 3445 145 3498 et
163 3460 228 3499 cera
246 3445 360 3512 opertus
380 3443 472 3498 Marc.
491 3443 525 3510 cf.
540 3443 593 3506 Pl.
608 3448 716 3512 22222.
778 3448 814 3498 ‘m
833 3441 940 3497 'inlitus
956 3433 1153 3490 cinisem

110 3515 155 3582 od
171 3517 215 3582 (r).
234 3515 244 3584 l
265 3514 424 3570 dolentibus
441 3532 493 3587 pr:
518 3515 670 3576 doloribus
689 3517 719 3576 d.
