2416 3802
482 129 701 194 ..67-

77 291 177 371 pedes
191 291 334 351 -inlinitus
357 298 448 351 sanat.
486 295 650 371 tegumenti
674 294 832 355 testudinis
860 308 947 373 3234.

79 382 161 440 cinis
184 397 221 439 ex
244 381 311 439 vino
334 388 365 439 et
393 379 458 439 oleo
482 387 664 459 temperatus
688 382 832 445 medetur.
912 439 915 443 .

79 469 176 547 adeps
199 470 319 529 ursinus
342 468 441 528 addito
465 468 592 530 alumine
616 488 719 530 omnes
742 473 832 532 rimas
860 484 964 549 28321.

79 559 183 618 sarcit.

153 757 257 816 XXV.
281 758 395 815 clavis
419 763 454 814 et
476 760 580 816 oanis.

42 896 60 936 ⁵
152 879 330 959 Plerumque
367 879 494 959 pedibus
531 883 726 942 innascuntur
759 882 832 942 olavi

80 977 136 1030 aut
160 969 238 1049 calli,
265 971 424 1048 praecipue
449 977 547 1030 tamen
571 972 601 1029 in
625 971 725 1048 digitis
749 973 832 1031 etin

80 1056 233 1138 manibus,
262 1057 439 1136 quibusdam
466 1076 536 1118 vero
564 1067 595 1118 et
621 1061 652 1118 in
680 1059 743 1119 aliis
768 1077 831 1119 cor·

80 1147 167 1227 poris
189 1145 332 1224 partibus.
370 1146 511 1206 adversus
536 1164 610 1224 quos
628 1154 832 1208 monstrantur

82 1233 215 1295 remedia
238 1234 315 1294 talia.

28 1341 64 1382 ιο
98 1346 103 1353 ·
150 1322 241 1382 Urina
268 1322 342 1383 muli
364 1322 496 1384 mulaeve
524 1342 593 1383 eum
616 1342 669 1383 suo
698 1323 760 1384 luto
787 1325 831 1383 in·
859 1335 945 1398 30‚80.

80 1412 167 1472 linita
190 1410 275 1472 tollit.
312 1412 399 1473 fimus
418 1414 517 1471 ovium
540 1414 710 1491 imponitur.
747 1414 832 1472 ieeur
858 1415 895 1469 ib.
931 1415 967 1470 ib.

81 1501 210 1561 lacertae
242 1500 345 1560 viridis
377 1500 423 1559 vel
455 1503 575 1580 sanguis
611 1503 768 1581 impositus
800 1504 831 1561 in

79 1589 176 1650 llooco
208 1587 353 1648 medetur.
395 1606 511 1648 vermes
543 1592 656 1650 terreni
689 1608 724 1650 ex
756 1589 830 1650 oleo.
893 1592 930 1647 ib.

80 1678 170 1737 limus
211 1676 399 1737 columbinus
435 1677 577 1738 decoetus
615 1697 651 1739 ex
683 1686 766 1739 aceto
800 1681 831 1738 in
893 1681 929 1736 to.

33 1781 65 1822 1⁵
80 1766 203 1826 modum
244 1765 426 1844 malagmatis
473 1764 614 1826 subactus
659 1768 831 1846 imponitur.

80 1856 171 1916 limus
207 1855 272 1933 apri
303 1854 348 1914 vel
386 1856 449 1914 suis
482 1872 588 1915 reeens
616 1857 773 1934 impositus
801 1862 831 1914 et
859 1865 964 1930 28‚222.

80 1951 151 2022 post
184 1943 263 2002 diem
295 1945 418 2003 tertium
450 1943 565 2004 solutus
592 1942 724 2022 prodest,
766 1940 832 2001 laha
903 1949 918 1980 *

80 2035 112 2091 in
147 2049 205 2110 qua
235 2030 313 2091 laser
346 2038 481 2091 servatur
513 2033 544 2092 in
573 2039 656 2092 aceto
686 2033 774 2091 missa
802 2038 832 2091 et

81 2120 244 2180 tumefacta
286 2127 316 2180 et
356 2122 397 2180 ita
434 2118 557 2199 alligata.
618 2122 644 2180 si
684 2122 715 2180 in
756 2119 830 2180 satie
904 2124 920 2157 *

155 2367 169 2414 1
184 2362 213 2414 to
235 2359 332 2415 'menti
347 2361 396 2416 Pl..
407 2361 555 2431 (tegmenti
564 2363 602 2429 r):
617 2360 798 2415 Tumumenti
807 2361 866 2430 (oie)
879 2376 910 2429 9,
925 2361 1058 2416 'rumenti
1068 2363 1095 2419 d.

81 2429 203 2502 ltestitu
222 2430 277 2486 mio
301 2432 361 2501 (sie)
384 2448 409 2501 9.
482 2432 627 2486 3ursinus
647 2432 692 2486 Pl.
716 2432 819 2500 (Mure.
839 2448 870 2500 p.
889 2435 966 2501 236):
994 2434 1097 2488 anseri·

79 2519 134 2584 nuo
147 2502 255 2624 wop
280 2508 297 2556 4
311 2503 397 2557 sarcit
405 2519 443 2572 pr
457 2505 498 2572 (11,
509 2509 542 2557 51
558 2519 618 2557 eum
634 2503 691 2571 Pl.)
696 2523 703 2586 ‚²
723 2504 804 2556 sanat
816 2503 843 2557 d.
880 2504 921 2556 ot.
935 2523 1024 2557 xxvm
1034 2503 1098 2558 cla-

78 2589 125 2628 ma
144 2575 174 2626 et
191 2571 270 2626 colis
288 2589 319 2642 9,
338 2573 382 2627 Ad
400 2574 495 2629 clevos
513 2575 542 2628 et
560 2573 646 2628 ealles
665 2575 724 2644 (aaa)
744 2575 770 2627 ol.
830 2578 846 2628 5
864 2573 914 2627 hoc
931 2577 1017 2628 totum
1034 2589 1097 2644 cap.

79 2695 163 2735 om.r
181 2679 269 2749 (habet
287 2679 302 2733 b
321 2699 352 2746 11,
369 2683 423 2750 52).
475 2686 507 2735 10
521 2664 651 2766 muleuae
665 2697 695 2749 9,
714 2679 869 2734 mulevetl.
908 2677 1035 2733 totottit
1046 2679 1095 2748 9ὸε

80 2775 249 2839 emendata.
288 2789 320 2838 12
330 2785 377 2838 vel
387 2785 501 2854 sanguis
509 2801 540 2854 9:
558 2789 572 2838 l
586 2785 599 2841 l
607 2785 734 2857 stlfffsslsss
744 2785 842 2854 ipolru’
857 2786 907 2853 (sie
921 2785 1057 2854 eurora-9.)
1067 2786 1096 2856 d,

78 2909 130 2963 ubi
142 2909 175 2962 itt
188 2908 282 2990 infimo
295 2925 381 2978 marp.
395 2911 454 2964 eine
468 2915 534 2964 oola
547 2889 678 2964 attolitur
693 2888 757 2978 lag'l
768 2908 922 2979 (sanguinis
937 2911 971 2979 b).
1014 2915 1047 2964 13
1065 2909 1097 2966 in

78 2979 181 3034 flocco:
195 2996 225 3032 111
234 2979 330 3035 lanula
340 2980 431 3036 Mare.
438 2997 469 3049 p.
480 2986 541 3049 233,
550 2982 597 3035 aed
606 2982 640 3047 es.
652 2987 711 3042 231.
730 2984 733 3047 Ι
749 2980 779 3036 in
788 2980 875 3035 fiooeo
883 2980 1011 3034 medetur
1021 2981 1051 3036 ol:
1065 2981 1097 3037 in

79 3049 140 3105 sole
159 3051 213 3119 (br
232 3051 314 3120 solet)
334 3051 496 3106 comedetur
514 3052 538 3106 b.
600 3056 634 3105 14
653 3068 687 3105 ex
706 3068 746 3107 ao.
762 3050 892 3106 decoctus
905 3052 932 3105 ἀ.
959 3054 963 3119 l
987 3051 1018 3105 in
1036 3067 1096 3107 mo·
1127 3083 1131 3091 ·

78 3121 147 3174 dum
169 3139 207 3175 m.
226 3121 357 3176 subactus
380 3138 430 3177 om.
451 3123 496 3178 Pl.
570 3127 603 3175 16
627 3122 688 3191 apri
709 3122 748 3191 pb
773 3122 830 3191 (Pl.
852 3122 944 3178 Mare.
963 3139 994 3190 p.
1019 3128 1096 3192 233)t

78 3190 256 3246 columbinus
269 3193 289 3246 d
303 3193 362 3261 (qui
378 3194 444 3248 haee
461 3193 540 3248 habet
553 3198 617 3248 oute
630 3193 777 3247 remedium
789 3193 848 3260 fimi
862 3193 1011 3247 columbini
1024 3193 1097 3262 quod

76 3279 174 3318 revera
191 3264 346 3332 praeeedit,
369 3265 439 3319 male
456 3265 581 3332 primum
603 3264 776 3330 transiliens,
802 3279 866 3318 mooe
884 3269 1004 3331 repetem
1025 3276 1096 3330 quae

77 3335 227 3404 omiserat).
279 3339 312 3388 18
336 3336 368 3390 de
386 3337 472 3390 lutere
490 3335 525 3403 ef.
545 3335 623 3390 Ptin.
643 3339 812 3401 22,101.104.
850 3340 883 3388 19
902 3332 1092 3388 tumefactab

78 3405 152 3530 (ἶφι
188 3405 345 3460 tumefacto
372 3407 440 3476 (sio)
466 3422 498 3475 9,
534 3405 675 3475 tepefacta
706 3407 734 3460 ἀ.
760 3408 764 3474 Ι
788 3405 858 3460 mira
889 3403 1003 3474 prodest
1030 3403 1095 3458 add.

117 3492 174 3531 arc.
188 3493 218 3545 9.
239 3482 299 3531 237.

923 3560 965 3617 δὴ
