2384 3796
480 152 723 216 -178-

269 355 339 411 XL.
373 355 423 410 De
445 354 531 424 piro.

270 473 411 535 Pirorum
434 475 571 534 naturam
593 472 782 534 Dioscorides
805 450 968 554 stypticam
990 473 1094 536 credidit

130 449 168 505 D.

104 527 234 624 ¹’167’et
256 562 324 624 ideo
348 563 477 623 contrita
503 563 632 641 inposita
649 562 779 640 impetus
802 580 909 624 omnes
932 563 1093 624 incurrentis

202 653 316 714 umoris
349 658 484 711 evertere
516 668 610 729 eaque
642 652 757 711 ratione
793 669 990 731 compescere
1025 652 1092 713 etim

140 746 157 780 '¹'
203 759 279 820 quae
303 740 339 801 de
362 748 479 801 tumore
503 738 618 800 sublata
645 746 724 800 sunt.
759 739 937 802 recentibus
959 749 1039 802 certe
1055 737 1090 801 ad·

202 837 281 890 mota
301 828 473 889 vulneribus
492 830 599 889 sistere
619 829 794 906 sanguinem
811 828 1026 910 profluentem,
1040 844 1089 907 per·

94 910 199 977 efiGal·
207 917 316 978 ducere
340 917 447 978 vulnus
470 916 506 977 ad
530 918 706 977 cicatricem.
739 915 873 978 Galenus
892 936 957 979 non
974 916 1088 978 unamir

94 986 202 1042 ‘³⁸³4
215 1007 289 1085 piris
317 1004 369 1066 sed
393 1004 589 1085 expluribus
617 1007 738 1066 mixtam
762 1013 849 1086 putat
872 1024 940 1067 esse
964 1009 1087 1067 virtutem

94 1054 280 1195 (Vfflfflssam
303 1093 448 1173 quaedam
466 1113 502 1155 ex
521 1095 547 1154 is
565 1101 685 1154 austera
703 1094 847 1174 quaedam
865 1095 951 1156 acida
968 1093 1087 1175 quaedam

111 1156 131 1195 α
150 1159 173 1196 τ’
202 1183 299 1245 dulcia
322 1182 527 1263 deprehendit.
570 1184 698 1243 austeris
725 1183 847 1262 quidem
873 1202 965 1263 posse
987 1178 1086 1244 concedi

202 1281 236 1334 ut
259 1274 384 1352 styptica
412 1279 442 1332 et
471 1272 661 1333 constrictiva
678 1271 848 1334 rideantur.
890 1273 985 1333 acidis
1009 1277 1094 1332 auem

201 1364 300 1422 inesse
325 1360 434 1439 aliquid
458 1367 489 1421 et
506 1359 627 1439 caloris,
649 1359 728 1422 unde
746 1361 925 1440 pierumque
947 1359 1085 1422 dissolvunt

202 1449 354 1510 stomacho
382 1448 588 1509 inhaerentem
616 1448 761 1528 flegmatis
789 1449 977 1512 densitatem.
1011 1446 1084 1508 dulcia

179 1547 269 1598 'cum
293 1540 353 1597 sint
376 1539 475 1614 aquati
498 1544 529 1596 et
551 1537 642 1597 soluti
660 1539 788 1620 saporis,
811 1538 886 1599 nihil
907 1541 941 1598 in
961 1550 1082 1613 seneque

202 1624 302 1705 frigidi
330 1642 428 1704 neque
455 1624 543 1685 calidi
570 1628 734 1687 continere.
777 1646 813 1687 ox
841 1626 953 1705 quihus
985 1621 1082 1705 singulis

200 1732 256 1793 pro
289 1713 460 1774 discrimine
493 1731 637 1793 generum
669 1722 700 1775 et
735 1717 914 1777 necessitate
952 1717 1094 1778 causamn¹

200 1802 363 1864 ordinanda
395 1804 484 1864 etiam
516 1802 648 1864 subsidia
684 1803 876 1864 medelarum.
927 1813 1040 1866 austera
1063 1803 1083 1858 d

199 1891 281 1953 acida
304 1894 335 1952 in
358 1891 424 1952 cibo
444 1899 562 1971 sumpta
582 1891 733 1952 stomacho
752 1894 922 1954 existimant
940 1890 1085 1966 convenire,

198 1982 248 2041 siti
275 1983 396 2042 minime
429 1983 603 2062 convenire,
635 1982 667 2042 in
699 1980 836 2043 dulcibus
866 1983 1006 2043 universa
1033 1993 1084 2040 cor·

198 2071 298 2129 traria.
335 2087 411 2147 aqua
438 2071 551 2147 inqua
576 2070 641 2149 pira
664 2070 743 2130 sicca
770 2069 893 2131 decocta
916 2078 1000 2154 suut,
1023 2065 1086 2130 niri-

198 2156 253 2217 tico
268 2157 345 2217 valet
358 2157 471 2218 fluxum
485 2159 597 2219 ventris
611 2156 755 2220 inhibere.
784 2177 844 2220 non
859 2160 960 2221 minus
972 2153 1087 2240 prodent

162 2408 203 2464 tu.
223 2409 297 2476 (item
310 2407 342 2462 in
354 2411 435 2477 seqq.)
452 2424 523 2478 pyro
530 2417 568 2478 y‘o
574 2410 591 2464 l.
638 2415 652 2463 1
668 2407 832 2464 dioscoridis
845 2425 875 2479 9,
894 2406 1088 2481 dyoscoridier.

93 2477 277 2548 istypticom:
305 2480 345 2534 etc
366 2479 453 2548 qod).
475 2483 479 2548 i
504 2479 624 2534 credidit
644 2481 712 2550 qod:
740 2479 830 2534 credit
847 2481 893 2537 rh.
957 2483 1022 2537 tet
1035 2476 1089 2550 coi:

89 2565 124 2603 ec
142 2550 188 2604 rb.
244 2549 462 2620 bprofluentem
479 2551 546 2619 ool:
565 2549 698 2606 fluentem
715 2551 760 2606 rh.
815 2556 830 2605 6
850 2549 984 2608 Gallenus
1001 2569 1030 2621 o,
1045 2548 1089 2604 ue

89 2619 288 2690 lienust(r).al
313 2621 448 2677 inoml.
508 2621 716 2691 tpirishe'co.
777 2620 850 2676 eia:
877 2621 1062 2694 hisyvlht).

89 2695 106 2743 9
125 2693 155 2745 et
177 2692 296 2748 austeris
314 2709 341 2760 q.
361 2692 405 2746 rh.
427 2693 431 2758 Ι
454 2707 537 2774 posse
559 2692 625 2761 yet:
653 2707 704 2748 ont.
722 2693 767 2748 rt.
833 2699 867 2749 10
888 2693 1005 2764 stiptice
1019 2708 1061 2764 co.

90 2766 122 2814 11
137 2761 211 2816 unde
225 2762 255 2816 et
267 2761 307 2843 pl.
322 2763 367 2816 rb.
406 2767 438 2816 12
451 2763 645 2819 inhaerentem
658 2763 803 2819 stomacho
816 2765 863 2819 rh.
894 2764 1088 2830 inherentemt·

125 2837 157 2885 13
177 2833 275 2899 aquati
292 2848 330 2902 oo
349 2834 385 2901 (et
402 2833 506 2903 Epicu
526 2834 589 2889 -cici
605 2836 642 2889 rb
661 2835 697 2901 (et
709 2835 739 2904 l).
760 2837 765 2903 1
789 2853 809 2889 n
844 2852 880 2890 ue
898 2835 996 2907 frigidi
1012 2846 1088 2902 nequo

88 2901 174 2955 calidi
192 2903 237 2956 ct:
266 2919 317 2957 nec
335 2903 420 2958 calidi
438 2920 489 2959 nec
507 2904 604 2975 frigidi
621 2906 658 2960 rh
677 2907 779 2974 (neque
798 2852 850 2961 ogd.
869 2923 961 2976 neque
979 2909 1012 2963 fr.
1028 2922 1060 2976 9.

88 2977 121 3025 15
146 2990 196 3040 pro
218 2988 353 3042 generum
371 2974 452 3029 discr.
476 2977 506 3030 et
528 2992 674 3032 causarum
697 2993 757 3032 neo.
775 2979 821 3032 rh.
886 2984 920 3034 16
940 2977 998 3034 ord.
1017 2981 1087 3032 eheu

87 3057 125 3111 yn
140 3044 177 3111 (et
190 3045 278 3112 epit.):
297 3045 355 3099 ord.
370 3048 436 3100 sunt
449 3046 536 3100 etiam
545 3048 582 3102 rb
598 3050 633 3116 (et
646 3049 674 3117 l).
691 3050 697 3117 Ι
712 3046 898 3123 medellarum
903 3064 943 3119 qu
959 3051 994 3117 (et
1001 3045 1086 3132 Enii.)-

123 3119 156 3168 17
170 3114 263 3168 acida:
282 3115 362 3170 eride.
375 3117 392 3170 l.
409 3121 413 3184 Ι
430 3115 593 3174 existimant
609 3119 675 3188 col:
694 3119 790 3174 -antur
802 3121 848 3174 rb.
893 3125 926 3174 18
942 3119 990 3175 siti
1003 3120 1057 3190 (nti
1067 3130 1086 3181 o,

87 3208 164 3266 sitim
181 3226 199 3280 9
217 3216 243 3265 et
261 3218 386 3281 corrupte
405 3242 439 3252 -
453 3215 550 3267 stoi—
570 3217 589 3283 t)
608 3214 723 3270 minime
738 3215 886 3272 convenire
904 3219 972 3287 ool:
991 3232 1038 3274 ort.
1050 3212 1085 3270 rh

89 3282 245 3353 luniverre
271 3284 339 3352 oet:
368 3299 434 3339 vero
462 3283 558 3338 omnia
584 3287 629 3342 rb.
713 3293 747 3342 19
775 3303 851 3357 equa
870 3293 932 3349 etcr
966 3281 1087 3345 ohhiecd

85 3354 145 3422 (qui
162 3368 212 3408 om.
231 3370 255 3407 o.
278 3355 390 3423 1—19).
412 3357 416 3421 Ι
440 3355 557 3411 decocta
574 3358 641 3412 old:
669 3357 795 3414 discocta
812 3359 905 3429 roto).
927 3359 1025 3432 lenate
1045 3356 1086 3413 dei

85 3423 199 3490 (desunt
215 3425 264 3491 eie)
283 3441 308 3479 a.
330 3427 333 3493 Ι
354 3425 424 3480 mire
442 3426 469 3482 d.
524 3433 558 3482 20
576 3428 671 3487 valeat
687 3445 738 3498 oo:
762 3429 859 3485 velent
876 3431 923 3498 ld,
942 3431 1019 3487 velet
1031 3422 1085 3493 rhl

83 3511 141 3549 non
159 3496 249 3565 qvid:
268 3512 319 3551 nec
337 3497 382 3551 rh.
