2416 3802
348 678 577 764 Modioina
612 680 772 764 Plinii.

441 811 554 872 Romae
582 815 677 874 1509.

383 1011 502 1082 capita
519 1011 602 1069 libri
618 1013 732 1083 primi.

151 1124 164 1177 Ι
191 1123 395 1181 alestanum
416 1123 464 1180 val
485 1124 521 1179 ad
549 1124 751 1182 abundantiam
777 1127 925 1182 humorum
948 1127 1064 1197 capitis:

193 1195 308 1266 etquid
326 1195 364 1251 sit
381 1197 505 1251 catarrus
944 1234 952 1241 ,

141 1265 167 1319 Π
192 1265 238 1321 Ad
256 1266 381 1322 dolorem
399 1266 499 1336 capitis

126 1336 167 1391 III
194 1335 238 1391 Ad
257 1337 467 1407 cephalargiam

112 1407 167 1462 1111
193 1408 238 1463 Ad
255 1408 377 1480 ptyniaa
396 1409 425 1463 et
442 1407 615 1478 porrigines,
631 1411 661 1464 at
678 1409 802 1480 prurItus

140 1477 168 1532 V
193 1479 238 1533 Ad
256 1478 352 1535 ulcera
367 1478 509 1549 incapite
527 1480 672 1536 manantia
783 1537 785 1540 ,

125 1549 167 1603 VI
193 1550 237 1605 Ad
255 1549 413 1620 alopeciam

111 1619 167 1676 VII
193 1621 238 1675 Ad
256 1621 373 1692 capillos
393 1619 580 1691 designandos

98 1690 165 1746 VIII
191 1691 237 1748 An
254 1693 469 1762 homycranaam
488 1693 518 1747 et
534 1694 693 1762 temporum
712 1692 838 1748 dolorem

123 1761 164 1816 IX
190 1763 235 1817 Ad
253 1762 380 1819 dolorem
398 1761 540 1818 auriculas
558 1764 604 1819 vel
623 1780 713 1833 aquas
731 1763 888 1834 ingressum

141 1833 167 1887 X
192 1833 237 1887 Ad
255 1832 380 1904 dolorem
399 1833 509 1889 aurium
916 1862 919 1866 *

124 1903 165 1958 XI
186 1903 236 1978 nid
254 1904 380 1960 dolorem
399 1903 509 1960 aurium
527 1904 677 1975 antiquum
694 1904 814 1960 fetorem
833 1907 862 1960 et
881 1906 995 1962 odorem

106 1974 161 2029 XII
187 1975 360 2101 Addlaurium
377 1975 603 2031 imbecillimtom
616 1975 663 2031 vel
682 1975 777 2031 surdos
796 1978 825 2032 et
839 1992 886 2031 eos
903 1977 954 2047 qui
971 1977 1064 2033 minus

190 2062 226 2100 au
248 2046 308 2103 'unt

96 2116 165 2172 XIII
191 2117 237 2172 Ad
254 2116 399 2186 parotides

81 2187 164 2242 XIIII
190 2188 235 2248 Ad
253 2187 378 2245 dolorem
397 2188 541 2244 oculorum

107 2258 162 2313 XV
188 2258 234 2313 Ad
252 2260 348 2315 oculos
367 2258 503 2330 sanguino
522 2258 641 2315 suffusos

96 2328 164 2384 XVI
192 2329 237 2385 Ad
254 2330 414 2401 lachrymas
432 2329 576 2386 oculorum
594 2328 772 2399 stn'ngondos

78 2399 162 2455 XVII
188 2399 233 2454 Ad
250 2400 450 2527 Hpiitliodiilem
465 2400 513 2458 vol
530 2401 567 2456 ad
585 2417 632 2456 cos
652 2399 700 2470 qui
719 2402 816 2457 cantos
836 2402 979 2457 oculorum
998 2419 1062 2458 con-

189 2471 271 2527 tritos
310 2489 328 2526 a
363 2491 382 2527 n

67 2541 165 2597 XVIII
190 2541 235 2596 Ad
254 2543 403 2626 caliginem
420 2542 564 2598 oculorum

96 2611 165 2667 XIX
190 2613 236 2668 Ad
254 2630 344 2670 aonam
363 2613 507 2670 oculorum

110 2683 165 2738 XX
190 2683 237 2740 An
253 2685 415 2741 leucomata
432 2685 478 2739 vol
496 2684 533 2739 ad
552 2682 724 2741 cicatnicom:
744 2685 773 2740 ct
790 2685 915 2741 maculas

96 2753 165 2810 XXI
191 2755 237 2810 Ad
253 2755 328 2826 pilos
346 2756 490 2812 oculorum
508 2755 651 2812 adulteros
799 2766 802 2773 ·

81 2823 164 2880 XXII
190 2825 236 2881 An
258 2825 395 2897 caligines
417 2826 550 2900 oscitatos
572 2826 620 2883 vel
646 2827 678 2880 ut
701 2825 856 2883 crassitudo
884 2829 1062 2899 abstergatur

69 2895 164 2952 XXIII
190 2896 235 2951 Ad
253 2897 433 2953 maturandos
452 2897 597 2969 aegilopas
669 2902 670 2905 ’

55 2966 164 3022 XXIIII
190 2967 236 3022 Ad
254 2969 349 3023 ulcera
365 2967 477 3024 narium
495 2970 525 3024 et
543 2969 637 3024 omnia
655 2969 772 3023 vulnera
789 2970 979 3026 vetustissima

82 3037 164 3093 XXV
190 3038 235 3093 Ad
253 3038 373 3095 fetorem
391 3039 501 3094 narium
517 3039 564 3096 vel
582 3038 711 3111 polipum

68 3107 163 3164 XXVI
189 3108 235 3164 Ad
253 3110 421 3180 profluvium
440 3110 551 3165 natium

56 3179 163 3234 XXVII
190 3180 235 3235 nd
252 3181 417 3252 sanguinem
435 3181 470 3236 ds
488 3198 556 3236 nare
575 3180 742 3237 eiiciendum

46 3249 163 3306 XXVIII
187 3250 232 3306 Ad
251 3252 435 3309 stillationem
453 3252 564 3308 narium
583 3270 616 3308 ex
634 3253 750 3308 humorc

71 3321 163 3376 XXIX
188 3322 354 3378 novitium
373 3323 429 3380 oris

84 3390 163 3447 XXX
190 3391 235 3447 Ad
252 3394 348 3449 ulcera
366 3394 421 3451 oris

95 3495 164 3535 Pllnii
176 3495 270 3536 iunioris
282 3496 401 3541 medicina.
