2416 3802
440 105 682 172 -183-

59 264 104 326 m.
122 282 170 329 v1.
216 269 314 337 omnia
345 268 434 330 simul
460 276 519 329 tam
548 268 599 330 diu
633 268 842 347 decoquuntur
869 268 964 344 donec

30 422 33 427 ,
65 353 96 414 iu
113 355 207 418 meilis
229 374 340 437 corpus
362 357 528 419 crassitudo
550 360 734 438 pinguescat.
771 377 806 418 ex
835 357 892 419 hoc
915 376 964 419 co-

69 440 155 506 cleare
176 444 288 526 grande
314 445 436 525 plenum
459 449 570 526 optime
598 449 698 509 ieiuno
722 445 844 508 cottidie
867 446 964 508 datur.

70 530 156 610 ipsum
185 551 257 595 vero
288 534 536 596 medicamentum
574 535 733 597 salubriter
768 537 862 597 vitreo
894 553 963 596 vaso

72 629 201 684 meretur.
237 623 271 684 ut
293 641 389 685 exeo
413 631 443 685 et
466 626 545 686 roitu
569 627 702 686 sceuasia
725 642 800 703 quae
824 622 1021 722 omnibusffl¹
1032 656 1059 719 5,

72 717 129 771 mu
149 719 204 773 eet.
989 726 1043 793 34).

126 910 229 968 xm
260 910 311 968 De
332 911 434 968 malm

10 1016 19 1031 '
125 1028 312 1093 dioscorides
339 1031 419 1110 quod
446 1030 482 1092 ad
506 1032 615 1092 aestiva
643 1030 719 1092 mala
746 1033 896 1111 pertineat
922 1032 964 1092 ita
978 1024 1016 1078 D·
1032 1030 1058 1089 1,

65 1118 152 1180 ¹torruit
172 1125 207 1181 ut
234 1136 270 1179 ea
292 1118 430 1182 crederet
452 1120 557 1200 flegma
584 1121 714 1200 nutrire,
741 1119 818 1181 tellis
841 1120 964 1181 ardores
989 1100 1049 1149 ¹⁵⁹¹

17 1242 21 1249 -
72 1207 200 1288 urimo,
227 1206 395 1269 inflationes
423 1227 556 1290 movere,
585 1209 720 1270 nervosis
746 1208 883 1288 partibus
910 1211 964 1269 mi·

71 1291 137 1355 time
158 1298 328 1358 convenire.
365 1295 493 1359 Galenus
515 1316 576 1359 uon
599 1299 697 1358 omnia
720 1296 870 1365 reicienda
892 1315 960 1376 pro·
985 1289 1048 1344 Go'l.

11 1418 14 1423 -
72 1385 173 1446 modat
200 1383 253 1447 sed
284 1403 359 1464 quae
383 1394 434 1447 aut
456 1390 555 1466 aquati
578 1387 693 1465 saporis
716 1393 768 1446 aut
790 1387 889 1465 asperi
913 1366 1071 1446 autm’75·

71 1468 134 1532 eidi
163 1480 214 1534 aut
244 1491 338 1554 prope
366 1477 494 1537 vanitate
523 1475 618 1538 dulcis
650 1482 826 1536 occurrunt:
858 1476 891 1536 in
918 1473 964 1534 his

71 1558 171 1623 tutum
194 1579 260 1623 esse
279 1565 349 1624 vitia
368 1582 443 1644 quae
462 1566 573 1626 frustra
592 1563 730 1626 omnibus
749 1562 965 1626 adiudicautur.

70 1722 271 1745 x—

68 1780 168 1849 huno
188 1799 255 1867 pota
269 1800 365 1851 contra
386 1793 533 1851 lumbricos
548 1804 576 1852 et
598 1796 684 1853 tineas
699 1796 811 1851 ventris.
848 1795 965 1850 cortices

16 1920 19 1925 .
66 1868 143 1933 ficeto
156 1892 220 1934 cum
235 1877 314 1951 galiis
329 1893 415 1952 aeque
429 1876 510 1935 tritae
524 1880 587 1936 vitia
602 1879 723 1935 dentium
738 1885 843 1935 curant.
871 1885 965 1934 coctae

64 1948 91 2011 ¹¹¹
108 1961 169 2017 duo
191 1968 221 2018 ct
241 1963 323 2019 tritae
343 1964 489 2037 perniones
504 1971 532 2020 et
556 1971 679 2021 tumores
700 1979 795 2021 omnes
819 1969 915 2019 curant
936 1969 964 2019 et

61 2038 180 2121 elusium
201 2052 351 2105 tumentes.
388 2063 458 2122 aqua
478 2049 507 2105 iu
529 2065 582 2123 qua
605 2057 697 2106 coctae
719 2046 820 2104 fuerint
842 2047 965 2122 gargari-

58 2130 135 2186 ntur
154 2138 250 2211 contra
272 2147 382 2190 uvarum
404 2141 537 2190 tumores.

121 2212 187 2272 i'ioc
207 2215 268 2273 eius
281 2215 402 2293 arboris,
425 2218 473 2292 qui
495 2219 601 2292 cytinos
616 2233 678 2274 roas
694 2224 821 2281 vocatur,
845 2216 965 2274 siccatur

52 2283 89 2351 ¹¹¹
108 2298 217 2373 umbra,
239 2301 322 2358 tritus
343 2303 371 2358 in
393 2302 531 2376 pulverem
554 2301 679 2359 omuibus
694 2300 850 2358 vulneribus
873 2298 964 2366 medu-

53 2376 115 2441 lur.
148 2400 210 2442 cum
232 2384 312 2442 melle
334 2386 416 2443 tritus
430 2387 539 2443 vulnera
561 2389 617 2444 oris
639 2395 725 2444 curat.
762 2384 915 2441 balaustiou
937 2371 964 2438 id

49 2470 104 2523 em
120 2468 260 2527 ceutiioiia
283 2467 335 2526 dos
357 2472 415 2527 cius
432 2467 525 2528 ¹siccus
546 2473 628 2528 tritus
644 2471 755 2529 vulnera
777 2485 846 2542 quae
869 2468 965 2525 humo·

48 2552 117 2609 rcm
137 2561 185 2611 aut
206 2556 366 2629 sanguinem
381 2556 493 2612 mittunt
515 2555 644 2614 desiccat.
674 2564 799 2612 cocturas
822 2549 883 2629 (sic)
901 2567 966 2607 ocu·

49 2620 147 2695 lorum
169 2647 198 2696 ct
219 2637 337 2696 faucium
358 2656 420 2697 cum
443 2639 523 2697 melle
545 2642 658 2699 mixtum
678 2638 761 2696 tollit.

51 2742 272 2767 N—--

130 2892 146 2940 1
168 2885 272 2943 Omnia
291 2888 358 2957 pot:
386 2902 459 2956 quae
481 2886 577 2943 omnic
598 2888 642 2943 rb.
668 2889 673 2956 l
698 2889 856 2957 coquuntur
877 2890 923 2946 rb.
991 2895 1008 2943 2
1031 2889 1074 2943 Ex

56 2941 116 3010 hoc
130 2958 197 3028 poi:
220 2974 255 3012 ex
271 2973 327 3029 quo
345 2958 391 3013 rb.
412 2957 417 3030 Ι
442 2957 567 3013 cocleam
584 2959 650 3027 poi:
679 2959 789 3014 coclear
805 2960 983 3026 r.(cochlear
1001 2961 1038 3030 b).

62 3022 202 3085 timum
218 3045 245 3100 p.
270 3031 275 3097 Ι
299 3027 416 3085 cottidie
433 3045 464 3099 9:
492 3028 596 3084 cotidie
613 3030 652 3084 ui.
720 3035 823 3085 truso
840 3047 892 3101 pv:
919 3047 986 3086 rasa
1004 3033 1015 3086 t
1034 3031 1074 3099 (in

66 3102 129 3153 Vm
144 3100 200 3170 rb).
259 3105 276 3155 ὃ
294 3099 430 3184 isit-eet
447 3115 498 3185 opt.
511 3100 557 3154 rb.
574 3095 691 3182 Ιροΐτου
705 3102 854 3156 σκευασίαι
872 3101 949 3157 roien
962 3101 1075 3186 ceyuaiu

68 3172 339 3298 g’ldioouyc-orifloezaelssc
346 3172 652 3312 vbvpp1211esplevyaas1avp.
663 3173 827 3312 τοῦθέθαῗοέ
834 3173 1056 3314 ῖὲκὶῖὶέονέαρὶ)

10 3326 12 3331 ·
74 3316 148 3367 imm
164 3313 595 3384 Pt.aa,1oo.1percineot9o:
623 3313 786 3384 madrid).
843 3320 877 3369 10
896 3313 1030 3369 Gallenos
1047 3284 1075 3378 ἶ,

74 3368 193 3439 (idimon
210 3383 275 3454 Ην).
339 3390 371 3438 11
392 3383 489 3454 aquati
506 3401 557 3455 po:
581 3383 644 3440 -tici
661 3384 746 3455 ebt).
807 3390 840 3440 12
858 3384 985 3440 vanitate
1007 3384 1074 3453 pol:

78 3455 117 3503 Μ.
132 3455 173 3511 rb.
230 3461 263 3510 1³
282 3473 309 3524 q.
329 3455 456 3511 omuibus
474 3455 578 3512 frustm
596 3457 614 3511 l.
