2416 3802
540 90 759 154 ..96-

294 265 380 327 tuti.
408 256 471 333 poti
499 254 680 313 exinaniunt.
722 259 769 312 est
794 251 906 312 hedera
933 268 1009 330 quae
1038 250 1158 330 chr-yso·

409 360 515 422 carpos
530 341 706 421 appellatur,
727 347 887 420 propterea
901 339 981 418 quod
995 338 1055 400 lert
1069 357 1160 419 grana

409 433 493 492 aurai
516 429 638 491 coloris:
666 429 740 491 baec
769 447 860 508 grana
882 443 933 491 xx
954 430 987 490 in
1009 429 1073 489 vini
1096 447 1158 490 ser·

409 522 486 581 tario
505 526 702 580 conteruntur
721 526 752 578 ct
770 536 805 578 ex
825 536 860 578 eo
874 519 944 578 vino
961 519 1042 578 terni
1062 516 1159 597 cyathi

286 618 382 682 ts,118
410 608 555 670 bibuntur
569 610 621 687 qui
634 625 689 686 per
703 608 820 667 urinam
833 608 1026 667 exinaniunt·
1039 605 1175 668 musmo

286 691 383 759 (wi-t)
411 696 519 757 decisis
541 695 669 776 pedibus
692 703 722 756 et
745 697 841 775 capite
860 704 890 756 et
912 694 1021 777 cauda,
1042 697 1156 757 intesti-

410 788 458 845 nis
486 783 621 866 abiectis,
650 787 682 845 in
708 783 775 845 cibo
804 783 894 845 datur
919 786 962 844 ita
984 784 1107 845 condita
1127 789 1157 844 ut

278 883 383 946 28332.
411 876 486 936 citra
517 874 667 935 fastidium
698 875 776 934 sumi
807 875 911 952 possit.
955 872 1044 934 limus
1076 871 1157 934 rituli

287 971 383 1035 mart
412 961 535 1023 masculi
564 965 661 1023 ventri
688 961 833 1023 inlinitur.
870 963 971 1022 vincae
1001 963 1155 1040 pervinoac

260 1043 322 1112 (ΟΜ
336 1042 384 1111 lb)
412 1050 510 1112 aridae
538 1059 622 1112 tusae
655 1052 749 1111 farina
781 1049 924 1121 coclearis
951 1066 1095 1111 mensura
1124 1067 1156 1111 ex
1166 1058 1185 1098 1⁰

194 1143 209 1175 *
233 1141 384 1280 (0ΐῶδᾷἓῇ
411 1158 487 1290 {pua
505 1139 572 1200 data
591 1139 750 1289 {elerrimet
765 1137 1048 1289 retdditlsanitatemi
1070 1137 1155 1200 belle·

297 1253 321 1288 ,·
451 1246 519 1290 rum
537 1246 594 1291 con
607 1246 697 1290 usum
715 1247 736 1288 u
769 1246 795 1287 sr
825 1245 936 1307 puus:
979 1244 1028 1288 ern
1050 1244 1155 1288 ecum·

412 1316 603 1379 miscebimus
616 1316 689 1378 illud
707 1315 857 1377 radicibus
871 1323 903 1376 ct
920 1334 1013 1396 super
1026 1323 1156 1378 reuben

411 1408 443 1466 in
465 1405 587 1466 linteolo
610 1407 815 1485 imponimus‚'
831 1407 873 1467 ita
894 1411 929 1467 ut
951 1403 1086 1484 pulveris
1106 1423 1155 1485 pu·

412 1493 511 1553 sillum
520 1511 609 1573 supra
625 1511 754 1574 spargas.
772 1492 959 1572 adalligatum
968 1492 1081 1554 babeas
1089 1493 1157 1554 licet
1167 1498 1187 1540 1⁶

411 1580 535 1642 biduum
553 1581 600 1642 vel
622 1583 754 1644 triduum
777 1600 871 1644 unum
895 1581 1157 1661 adalligamentum.

405 1744 408 1750 ³
477 1782 606 1840 xxm.
627 1783 683 1840 Ad
704 1783 865 1839 morbum
886 1780 1030 1851 regium.
1097 1811 1101 1816 -

297 1913 384 1976 tout
482 1889 595 1963 Sordes
615 1901 652 1961 dc
671 1901 812 1963 auriculis
830 1910 882 1962 aut
904 1898 941 1961 de
960 1917 1089 1962 mamma
1110 1917 1158 1980 pe·

414 1989 513 2070 cudis,
535 1988 667 2070 pondere
687 1990 813 2071 denarii,
832 2008 901 2051 cum
918 2006 1034 2069 myrrae
1053 1987 1159 2069 pusillo

314 2081 350 2136 m.
414 2096 451 2138 ex
473 2077 591 2139 duobus
610 2078 723 2157 cyathis
742 2080 803 2139 vini
824 2077 1014 2140 hauriuntur.
1046 2093 1161 2139 vermes

414 2167 528 2227 terreni
555 2184 624 2226 cum
646 2184 745 2246 myrra
772 2169 804 2228 in
827 2172 910 2227 aceto
938 2164 1035 2227 mulso
1063 2167 1160 2247 propi·
1173 2173 1194 2215 ³⁰

298 2265 385 2329 aust.
413 2261 532 2316 uantur.
560 2254 718 2315 cerebrum
735 2254 865 2335 perdicis
883 2256 915 2315 in
933 2252 1031 2316 tribus
1050 2254 1162 2336 cyathis

313 2345 349 2401 ib.
413 2345 475 2405 vini
496 2341 618 2404 bibitur.
656 2345 772 2405 cineres
799 2345 1024 2405 interaneorum
1049 2343 1161 2424 palum·

413 2431 521 2493 bomm
539 2432 575 2492 ad
594 2431 738 2492 coclearia
756 2431 825 2493 bina
843 2431 987 2493 bibuntur
1002 2451 1039 2492 ex
1058 2432 1162 2494 mulso.

219 2583 334 2673 lpotui
351 2603 379 2657 d.
405 2602 409 2670 l
434 2601 535 2670 chryso
559 2602 682 2672 (crhyso
690 2604 724 2728 9
748 2618 846 2672 carpos
863 2603 903 2672 pb
923 2604 998 2673 (pus
1015 2602 1057 2672 r):
1082 2601 1163 2659 criso-

147 2674 298 2757 ccpposd.
353 2672 582 2756 tinplmmd.
632 2679 688 2757 ⁸40
724 2673 798 2743 prb:
815 2673 930 2756 οηιῃί.ι
963 2671 1118 2757 opsidibus
1136 2673 1165 2728 ot

147 2746 240 2813 capric
258 2744 297 2814 qb
314 2743 396 2813 (Pl.):
416 2743 509 2813 caprto
527 2745 557 2799 et
573 2743 693 2815 pedrbus
711 2745 738 2802 d.
793 2749 809 2798 ⁷
828 2743 946 2805 abrectrs
963 2745 1015 2814 pb:
1033 2743 1164 2801 ersdbsd

148 2813 297 2884 (exemptis
317 2813 382 2881 Pl).
437 2813 568 2871 aviculi:
586 2815 687 2870 bubuli
705 2819 769 2870 onte
785 2815 838 2884 ips.
852 2829 921 2871 corr.
940 2815 968 2872 d,
1023 2814 1164 2871 Ovium

24 2922 27 2937 .
147 2885 209 2954 (sic)
227 2902 278 2956 per
295 2883 395 2941 uineae
415 2884 509 2942 aridae
528 2887 609 2942 tusae
626 2896 645 2956 y
663 2886 709 2955 (cf.
724 2886 795 2957 Pl),
816 2884 906 2942 Vince
928 2883 1012 2942 uncia
1029 2886 1164 2956 peranda

147 2957 211 3010 tuse
235 2957 262 3012 d.
318 2960 352 3011 10
370 2955 461 3011 tunna
478 2958 510 3013 ds
534 2973 599 3014 -uae
616 2975 642 3028 9.
668 2957 673 3024 1
698 2955 832 3012 coclearis
849 2959 893 3027 ud
910 2956 973 3026 (nis
989 2957 1032 3012 vel
1049 2957 1086 3013 ·ri
1103 2973 1128 3013 v.
1146 2958 1164 3012 l.

149 3025 216 3096 Pl).
272 3032 304 3081 11
325 3026 469 3083 celerrime
486 3045 516 3099 p:
536 3027 729 3097 calculandi
749 3027 937 3083 helleborum:
957 3030 986 3084 et
1003 3026 1128 3085 liuormn
1139 3044 1165 3100 ρ,

147 3096 186 3152 Ei
200 3097 311 3167 l'livorir
329 3099 356 3155 ol.
421 3105 456 3154 14
472 3098 644 3168 imponimus
661 3116 692 3170 9:
711 3115 820 3154 nemus
837 3099 864 3155 d.
929 3104 962 3154 15
981 3114 1099 3171 spargas
1116 3098 1163 3169 d!

147 3169 178 3224 cl
200 3169 291 3238 adoll„
309 3172 336 3226 d.
400 3176 434 3225 16
453 3169 641 3240 Ηοξ<τ>9.
666 3177 671 3238 1
699 3169 786 3225 biduo
804 3169 851 3226 vel
871 3168 965 3225 triduo
987 3186 1043 3226 uno
1108 3169 1117 3185 ⁴

146 3242 242 3297 mento
260 3243 287 3297 d.
334 3244 438 3326 ¹⁷..m
450 3242 489 3312 pb
504 3241 585 3310 (Pl.):
604 3244 634 3297 et
650 3243 677 3297 d.
709 3247 763 3325 ,18
782 3238 890 3297 denarii
907 3241 1030 3326 pondero
1043 3243 1103 3311 rb(
1157 3261 1165 3295 e

141 3313 607 3525 {dllgtgbf'bsspfflb'nml‘l}
621 3329 664 3439 li
677 3313 1165 3455 ffffi.)‘3'0m.²⁰9l'l‘.'¹'r¹”⁸sffiu

162 3469 198 3507 uo
216 3472 235 3507 r
292 3471 336 3509 rio
396 3495 421 3510 ..
