2416 3802
441 98 681 163 -153-

123 267 197 322 XX
229 267 278 322 De
301 266 461 323 satureia.

125 384 278 446 Saturniae
306 385 399 446 calida
426 387 524 446 viset
552 405 644 466 prope
672 388 765 467 ignita
787 398 843 449 est.
884 389 963 448 unde

51 473 100 535 illi
122 481 153 535 et
175 491 284 535 nomen
306 473 435 536 inditum
457 475 598 555 eredunt,
626 474 706 554 quod
737 494 848 556 pronos
876 478 964 539 faciet

50 565 88 623 in
116 580 264 624 venerem.
295 562 372 624 *ideo
400 571 431 624 et
457 563 593 644 gravidae
616 563 813 644 prohibentur
840 583 904 626 enm
932 568 964 626 in

53 650 124 712 cibo
147 669 275 713 sumere.
312 669 380 713 nam
398 654 469 714 trita
487 660 518 714 et
535 656 633 713 ventri
651 655 839 735 superposito
858 664 964 734 portus

23 742 145 800 setiam
161 744 308 802 'mortuos
334 741 426 820 pellit.
467 743 584 802 urinam
607 749 706 803 movet
736 761 772 803 ex
794 745 863 803 vino
885 750 963 822 pota.

53 827 234 909 lethargicos
256 829 384 891 letaliter
411 829 592 891 dormientes
616 832 724 892 excitat
747 833 837 912 capiti
860 849 964 893 eorum

55 935 127 978 eum
144 925 229 979 noeto
248 918 423 998 frequenter
440 918 546 980 inluso.
579 919 765 981 stomachum
779 922 965 981 nausiantem

55 1005 156 1067 rolin
183 1025 238 1067 ovo
266 1014 384 1088 sumpta
406 1008 453 1068 vel
479 1015 550 1087 pots
576 1009 739 1071 confirmat.
777 1016 880 1070 contra
903 1012 964 1071 ani·

56 1095 144 1244 npehlrp
170 1113 246 1175 quae
270 1094 413 1157 aculeatis
439 1096 549 1158 ictibus
577 1099 713 1159 saeviunt
735 1115 794 1158 non
818 1097 965 1160 inutiliter

24 1191 72 1242 lta
113 1185 124 1244 i
146 1190 221 1245 etur.

121 1350 214 1406 XXI.
245 1351 295 1407 De
317 1363 431 1419 porro.
975 1339 1062 1477 2013&

123 1468 218 1529 Porro
251 1471 378 1549 capitato
406 1470 443 1531 ed
474 1469 568 1530 multa
596 1472 731 1549 eorporis
758 1471 828 1531 vitia
855 1469 964 1549 Hippo-

10 1598 14 1613 .
64 1565 155 1619 oratos
176 1575 251 1619 usus
274 1565 328 1619 est.
365 1577 472 1620 sucum
490 1560 555 1620 eius
579 1559 754 1638 sanguinem
771 1556 965 1619 reicientibus

66 1646 146 1707 etism
173 1645 270 1707 solum
297 1646 460 1709 bibendum
487 1645 582 1730 dedit,
614 1647 748 1727 quamvis
776 1649 870 1708 ceteri
897 1664 966 1708 oum

67 1732 131 1810 gella
157 1735 204 1795 vel
231 1737 308 1797 turis
339 1736 434 1798 farina
465 1735 596 1797 dandum
628 1737 825 1797 censuissent,
865 1736 966 1797 vulvas

10 1883 12 1893 f
40 1823 225 1885 lloontrnotns
243 1824 349 1886 eodem
367 1843 440 1887 suco
458 1824 588 1885 resolvit.
624 1822 722 1904 ipsum
741 1827 832 1885 etiam
848 1825 880 1884 in
899 1823 965 1884 oibo

10 1954 14 1991 ,
70 1956 271 1972 *-

10 2024 16 2074 i
70 2027 120 2074 tum
140 2035 255 2078 rosaceo
283 2021 348 2077 trite
375 2028 511 2077 tumorem
537 2019 714 2076 articulorum
741 2017 853 2075 tollunt.
890 2016 965 2075 ealda

10 2123 16 2160 ι
67 2095 161 2178 liqna
182 2105 305 2162 coxerint
327 2105 414 2178 eapite
436 2105 508 2176 eius,
538 2103 630 2161 ioveio
652 2110 734 2178 caput
760 2102 965 2172 freneticorum,

10 2204 14 2242 ι
70 2194 182 2244 tonsum
204 2188 277 2247 iacit.
314 2205 406 2246 semen
428 2190 486 2246 elus
510 2190 603 2245 tritum
625 2204 686 2244 eum
710 2204 778 2262 aqua
801 2188 895 2261 capitis
918 2186 966 2242 do·

10 2280 13 2323 l
70 2259 144 2329 luem
164 2272 239 2330 tollit
261 2280 290 2331 et
310 2289 436 2330 somnum
458 2272 532 2330 feeit

109 2364 127 2393 Ι

41 2413 61 2457 ²⁰
123 2406 245 2469 salmon
266 2410 351 2472 calida
372 2419 414 2468 esi
437 2419 465 2466 et
486 2426 574 2485 prope
595 2411 698 2498 ignito.⁸
717 2425 844 2467 venerem
859 2416 964 2465 movet:
983 2402 1040 2470 (65)

69 2481 120 2549 ilto
145 2496 173 2551 in
202 2502 283 2552 utero
310 2495 472 2553 habentibus
498 2495 556 2551 dari
582 2493 754 2568 prohibetur.
792 2508 884 2550 semen
906 2494 965 2549 eius

69 2571 151 2635 lilium
179 2595 212 2637 ex
242 2581 304 2637 vino
331 2587 427 2654 potum
455 2581 560 2636 urinam
582 2586 683 2636 movet.
724 2578 789 2636 lolia
816 2579 875 2634 eius
903 2577 965 2633 tritu

69 2664 122 2719 clm
141 2671 220 2721 noeto
243 2663 328 2721 fronti
349 2664 473 2721 inlinito:
496 2663 661 2737 lethargicos
676 2664 798 2720 suscitat.
838 2655 887 2737 [ad
909 2668 965 2717 sto·

71 2747 182 2805 ¹necllum
206 2764 267 2805 oum
291 2749 353 2805 vino
376 2758 404 2805 et
427 2765 495 2824 aqua
517 2746 592 2804 ealda
613 2746 737 2820 biblion]

70 2849 272 2875 N*-

131 2948 640 3020 lfletureiep.lvisestetp.i.l.
695 2948 1072 3019 tillietqomtillilrb.

73 3004 202 3078 irretitur
220 3019 349 3090 difecit
365 3038 388 3078 r.
450 3020 549 3077 tideo
567 3023 597 3076 et
613 3023 678 3091 pol:
701 3020 821 3088 ideoque
839 3022 990 3088 rb.lesm
1006 3024 1074 3091 pol:

71 3091 154 3149 torp,
212 3091 358 3162 supposita
379 3093 493 3162 potum:
521 3091 729 3162 supposituri.
789 3091 912 3160 dpellit
933 3094 999 3162 pol:
1027 3107 1074 3148 ex·

70 3154 142 3217 nollit
156 3162 201 3221 rb.
218 3164 335 3228 imoret
352 3179 386 3218 ex
399 3181 426 3219 v.
439 3164 505 3234 polz
524 3166 620 3218 movet
638 3166 668 3219 st
686 3179 720 3219 ex
737 3182 764 3219 v.
778 3163 823 3217 rb.
874 3169 891 3217 6
909 3162 1073 3234 lithargioos

71 3215 193 3290 loturo
211 3233 364 3303 (ineunt
382 3235 408 3305 v)
426 3251 469 3311 ee
488 3234 673 3305 (rythmos
694 3232 839 3307 numer
856 3235 890 3303 r).
946 3241 961 3289 o
981 3234 1072 3289 naun-

73 3300 154 3360 ΒΜ
170 3307 213 3362 ol:
242 3306 425 3362 nauseantem
442 3322 468 3375 9.
532 3311 629 3361 enon
646 3308 684 3375 (ἡ)
706 3304 816 3360 utiliter
837 3320 863 3358 o.
927 3311 959 3358 11
980 3305 1075 3373 eapite

74 3363 312 3503 &phimum-
323 3378 435 3446 doretes
448 3394 493 3447 po.
541 3382 575 3432 12
594 3394 691 3432 sunum
709 3376 769 3431 eius
786 3376 851 3445 pol:
870 3392 985 3430 suoeum
999 3377 1073 3430 enim
