<?xml version="1.0" encoding="UTF-8"?>
<!DOCTYPE html PUBLIC "-//W3C//DTD XHTML 1.0 Transitional//EN"
    "http://www.w3.org/TR/xhtml1/DTD/xhtml1-transitional.dtd">
<html xmlns="http://www.w3.org/1999/xhtml" xml:lang="en" lang="en">
 <head>
  <title>
</title>
<meta http-equiv="Content-Type" content="text/html;charset=utf-8" />
  <meta name='ocr-system' content='tesseract 3.04.00' />
  <meta name='ocr-capabilities' content='ocr_page ocr_carea ocr_par ocr_line ocrx_word'/>
</head>
<body>
  <div class='ocr_page' id='page_1' title='image "./pliniisecundiqu00plingoog_0058.png"; bbox 0 0 2416 3802; ppageno 0'>
   <div class='ocr_carea' id='block_1_1' title="bbox 470 135 688 202">
    <p class='ocr_par' dir='ltr' id='par_1_1' title="bbox 470 135 688 202">
     <span class='ocr_line' id='line_1_1' title="bbox 470 135 688 202; baseline 0.009 -22"><span class='ocrx_word' id='word_1_1' title='bbox 470 135 688 202; x_wconf 59' lang='lat'>...51-</span> 
     </span>
    </p>
   </div>
   <div class='ocr_carea' id='block_1_2' title="bbox 10 296 950 1434">
    <p class='ocr_par' dir='ltr' id='par_1_2' title="bbox 19 296 934 467">
     <span class='ocr_line' id='line_1_2' title="bbox 19 296 820 373; baseline 0.017 -24"><span class='ocrx_word' id='word_1_2' title='bbox 19 364 22 369; x_wconf 25' lang='grc'>1</span> <span class='ocrx_word' id='word_1_3' title='bbox 72 300 194 370; x_wconf 84' lang='lat' dir='ltr'>stagneo</span> <span class='ocrx_word' id='word_1_4' title='bbox 218 296 356 373; x_wconf 91' lang='lat' dir='ltr'>coquitur</span> <span class='ocrx_word' id='word_1_5' title='bbox 380 304 410 356; x_wconf 90' lang='lat' dir='ltr'>et</span> <span class='ocrx_word' id='word_1_6' title='bbox 438 301 534 360; x_wconf 86' lang='lat' dir='ltr'>ventri</span> <span class='ocrx_word' id='word_1_7' title='bbox 560 298 703 361; x_wconf 83' lang='lat' dir='ltr'>inlinitur.</span> <span class='ocrx_word' id='word_1_8' title='bbox 742 304 820 363; x_wconf 90' lang='lat' dir='ltr'>etsi</span> 
     </span>
     <span class='ocr_line' id='line_1_3' title="bbox 71 380 934 467; baseline 0.016 -28"><span class='ocrx_word' id='word_1_9' title='bbox 71 380 252 443; x_wconf 81' lang='lat' dir='ltr'>exulceratio</span> <span class='ocrx_word' id='word_1_10' title='bbox 275 401 335 444; x_wconf 92' lang='lat' dir='ltr'>non</span> <span class='ocrx_word' id='word_1_11' title='bbox 358 388 409 467; x_wconf 86' lang='lat' dir='ltr'>sit,</span> <span class='ocrx_word' id='word_1_12' title='bbox 437 395 554 448; x_wconf 83' lang='lat' dir='ltr'>ostreae</span> <span class='ocrx_word' id='word_1_13' title='bbox 583 407 618 449; x_wconf 85' lang='lat' dir='ltr'>ex</span> <span class='ocrx_word' id='word_1_14' title='bbox 649 388 745 450; x_wconf 91' lang='lat' dir='ltr'>mulso</span> <span class='ocrx_word' id='word_1_15' title='bbox 768 389 817 450; x_wconf 93' lang='lat' dir='ltr'>de·</span> <span class='ocrx_word' id='word_1_16' title='bbox 847 403 934 467; x_wconf 55' lang='lat'>3264.</span> 
     </span>
    </p>

    <p class='ocr_par' dir='ltr' id='par_1_3' title="bbox 10 471 950 557">
     <span class='ocr_line' id='line_1_4' title="bbox 10 471 950 557; baseline 0.015 -29"><span class='ocrx_word' id='word_1_17' title='bbox 10 524 13 535; x_wconf 86' lang='grc'><strong>,</strong></span> <span class='ocrx_word' id='word_1_18' title='bbox 70 477 172 530; x_wconf 89' lang='lat' dir='ltr'>coetae</span> <span class='ocrx_word' id='word_1_19' title='bbox 191 471 330 533; x_wconf 89' lang='lat' dir='ltr'>eduntur.</span> <span class='ocrx_word' id='word_1_20' title='bbox 357 473 403 534; x_wconf 90' lang='lat' dir='ltr'>lac</span> <span class='ocrx_word' id='word_1_21' title='bbox 421 473 567 538; x_wconf 92' lang='lat' dir='ltr'>bubulum</span> <span class='ocrx_word' id='word_1_22' title='bbox 584 479 669 556; x_wconf 90' lang='lat' dir='ltr'>potui</span> <span class='ocrx_word' id='word_1_23' title='bbox 686 477 817 557; x_wconf 89' lang='lat' dir='ltr'>prodest.</span> <span class='ocrx_word' id='word_1_24' title='bbox 846 491 950 555; x_wconf 62' lang='grc'><strong>28311.</strong></span> 
     </span>
    </p>

    <p class='ocr_par' dir='ltr' id='par_1_4' title="bbox 10 559 950 645">
     <span class='ocr_line' id='line_1_5' title="bbox 10 559 950 645; baseline 0.015 -28"><span class='ocrx_word' id='word_1_25' title='bbox 10 560 15 565; x_wconf 88' lang='grc'><em>“</em></span> <span class='ocrx_word' id='word_1_26' title='bbox 68 559 116 618; x_wconf 94' lang='lat' dir='ltr'>ius</span> <span class='ocrx_word' id='word_1_27' title='bbox 144 560 273 638; x_wconf 85' lang='lat' dir='ltr'>piscium</span> <span class='ocrx_word' id='word_1_28' title='bbox 301 564 519 625; x_wconf 88' lang='lat' dir='ltr'>maritimorum</span> <span class='ocrx_word' id='word_1_29' title='bbox 549 567 581 625; x_wconf 91' lang='lat' dir='ltr'>in</span> <span class='ocrx_word' id='word_1_30' title='bbox 603 568 704 645; x_wconf 88' lang='lat' dir='ltr'>patina</span> <span class='ocrx_word' id='word_1_31' title='bbox 730 566 816 627; x_wconf 87' lang='lat' dir='ltr'>deco·</span> <span class='ocrx_word' id='word_1_32' title='bbox 845 581 950 644; x_wconf 75' lang='lat'>32,101.</span> 
     </span>
    </p>

    <p class='ocr_par' dir='ltr' id='par_1_5' title="bbox 40 648 817 734">
     <span class='ocr_line' id='line_1_6' title="bbox 40 648 817 734; baseline 0.015 -30"><span class='ocrx_word' id='word_1_33' title='bbox 40 661 55 702; x_wconf 82' lang='lat' dir='ltr'>o</span> <span class='ocrx_word' id='word_1_34' title='bbox 69 653 187 708; x_wconf 90' lang='lat' dir='ltr'>etorum</span> <span class='ocrx_word' id='word_1_35' title='bbox 200 667 269 709; x_wconf 92' lang='lat' dir='ltr'>eum</span> <span class='ocrx_word' id='word_1_36' title='bbox 283 648 407 712; x_wconf 85' lang='lat' dir='ltr'>lactucis</span> <span class='ocrx_word' id='word_1_37' title='bbox 425 652 565 715; x_wconf 80' lang='lat' dir='ltr'>sorbetur</span> <span class='ocrx_word' id='word_1_38' title='bbox 578 662 629 714; x_wconf 92' lang='lat' dir='ltr'>aut</span> <span class='ocrx_word' id='word_1_39' title='bbox 647 673 722 734; x_wconf 91' lang='lat' dir='ltr'>pane</span> <span class='ocrx_word' id='word_1_40' title='bbox 737 655 817 716; x_wconf 89' lang='lat' dir='ltr'>eolli-</span> 
     </span>
    </p>

    <p class='ocr_par' dir='ltr' id='par_1_6' title="bbox 10 722 931 1092">
     <span class='ocr_line' id='line_1_7' title="bbox 10 722 931 820; baseline 0.013 -25"><span class='ocrx_word' id='word_1_41' title='bbox 10 722 13 735; x_wconf 73' lang='lat'>&#39;</span> <span class='ocrx_word' id='word_1_42' title='bbox 67 736 157 814; x_wconf 83' lang='lat' dir='ltr'>gitur.</span> <span class='ocrx_word' id='word_1_43' title='bbox 193 735 280 798; x_wconf 88' lang='lat' dir='ltr'>holus</span> <span class='ocrx_word' id='word_1_44' title='bbox 305 737 348 816; x_wconf 90' lang='lat' dir='ltr'>[id</span> <span class='ocrx_word' id='word_1_45' title='bbox 369 749 416 800; x_wconf 89' lang='lat' dir='ltr'>est</span> <span class='ocrx_word' id='word_1_46' title='bbox 437 734 554 820; x_wconf 84' lang='lat' dir='ltr'>caules]</span> <span class='ocrx_word' id='word_1_47' title='bbox 576 742 741 804; x_wconf 90' lang='lat' dir='ltr'>discoctum</span> <span class='ocrx_word' id='word_1_48' title='bbox 756 742 815 804; x_wconf 92' lang='lat' dir='ltr'>edi·</span> <span class='ocrx_word' id='word_1_49' title='bbox 845 757 931 820; x_wconf 78' lang='lat' dir='ltr'>20,8o.</span> 
     </span>
     <span class='ocr_line' id='line_1_8' title="bbox 68 825 931 909; baseline 0.013 -25"><span class='ocrx_word' id='word_1_50' title='bbox 68 832 119 884; x_wconf 93' lang='lat' dir='ltr'>tur</span> <span class='ocrx_word' id='word_1_51' title='bbox 146 840 215 886; x_wconf 88' lang='lat' dir='ltr'>cum</span> <span class='ocrx_word' id='word_1_52' title='bbox 243 825 311 887; x_wconf 92' lang='lat' dir='ltr'>sale.</span> <span class='ocrx_word' id='word_1_53' title='bbox 349 846 425 907; x_wconf 90' lang='lat' dir='ltr'>aqua</span> <span class='ocrx_word' id='word_1_54' title='bbox 452 826 565 891; x_wconf 88' lang='lat' dir='ltr'>marina</span> <span class='ocrx_word' id='word_1_55' title='bbox 593 849 629 891; x_wconf 81' lang='lat' dir='ltr'>ex</span> <span class='ocrx_word' id='word_1_56' title='bbox 658 832 717 893; x_wconf 92' lang='lat' dir='ltr'>alto</span> <span class='ocrx_word' id='word_1_57' title='bbox 744 831 815 894; x_wconf 88' lang='lat' dir='ltr'>hau·</span> <span class='ocrx_word' id='word_1_58' title='bbox 843 846 931 909; x_wconf 67' lang='lat' dir='ltr'>alpi.</span> 
     </span>
     <span class='ocr_line' id='line_1_9' title="bbox 66 914 815 1002; baseline 0.013 -30"><span class='ocrx_word' id='word_1_59' title='bbox 66 914 158 994; x_wconf 80' lang='lat' dir='ltr'>ntur,</span> <span class='ocrx_word' id='word_1_60' title='bbox 190 923 325 976; x_wconf 87' lang='lat' dir='ltr'>servatur</span> <span class='ocrx_word' id='word_1_61' title='bbox 353 919 385 978; x_wconf 93' lang='lat' dir='ltr'>in</span> <span class='ocrx_word' id='word_1_62' title='bbox 412 926 603 1002; x_wconf 82' lang='lat' dir='ltr'>vetustatem,</span> <span class='ocrx_word' id='word_1_63' title='bbox 635 922 715 981; x_wconf 90' lang='lat' dir='ltr'>vires</span> <span class='ocrx_word' id='word_1_64' title='bbox 745 920 815 982; x_wconf 90' lang='lat' dir='ltr'>inde</span> 
     </span>
     <span class='ocr_line' id='line_1_10' title="bbox 66 999 816 1092; baseline 0.015 -33"><span class='ocrx_word' id='word_1_65' title='bbox 66 999 272 1081; x_wconf 88' lang='lat' dir='ltr'>deponuntur:</span> <span class='ocrx_word' id='word_1_66' title='bbox 302 1003 416 1067; x_wconf 85' lang='lat' dir='ltr'>bibitur</span> <span class='ocrx_word' id='word_1_67' title='bbox 448 1025 518 1067; x_wconf 92' lang='lat' dir='ltr'>cum</span> <span class='ocrx_word' id='word_1_68' title='bbox 543 1010 611 1068; x_wconf 88' lang='lat' dir='ltr'>vino</span> <span class='ocrx_word' id='word_1_69' title='bbox 644 1018 694 1070; x_wconf 88' lang='lat' dir='ltr'>aut</span> <span class='ocrx_word' id='word_1_70' title='bbox 722 1018 816 1092; x_wconf 89' lang='lat' dir='ltr'>aceto,</span> 
     </span>
    </p>

    <p class='ocr_par' dir='ltr' id='par_1_7' title="bbox 24 1090 929 1434">
     <span class='ocr_line' id='line_1_11' title="bbox 24 1090 929 1176; baseline 0.019 -33"><span class='ocrx_word' id='word_1_71' title='bbox 24 1104 52 1144; x_wconf 91' lang='lat' dir='ltr'>1o</span> <span class='ocrx_word' id='word_1_72' title='bbox 65 1090 180 1151; x_wconf 89' lang='lat' dir='ltr'>vomitu</span> <span class='ocrx_word' id='word_1_73' title='bbox 197 1092 403 1171; x_wconf 84' lang='lat' dir='ltr'>praecedente.</span> <span class='ocrx_word' id='word_1_74' title='bbox 435 1113 540 1175; x_wconf 84' lang='lat' dir='ltr'>aquam</span> <span class='ocrx_word' id='word_1_75' title='bbox 562 1100 706 1158; x_wconf 90' lang='lat' dir='ltr'>marinam</span> <span class='ocrx_word' id='word_1_76' title='bbox 725 1096 815 1176; x_wconf 84' lang='lat' dir='ltr'>aliqui</span> <span class='ocrx_word' id='word_1_77' title='bbox 842 1111 929 1175; x_wconf 57' lang='lat' dir='ltr'>etto.</span> 
     </span>
     <span class='ocr_line' id='line_1_12' title="bbox 64 1179 815 1265; baseline 0.012 -27"><span class='ocrx_word' id='word_1_78' title='bbox 64 1196 121 1258; x_wconf 88' lang='lat' dir='ltr'>per</span> <span class='ocrx_word' id='word_1_79' title='bbox 136 1197 169 1239; x_wconf 90' lang='lat' dir='ltr'>se</span> <span class='ocrx_word' id='word_1_80' title='bbox 184 1179 267 1262; x_wconf 83' lang='lat' dir='ltr'>dant,</span> <span class='ocrx_word' id='word_1_81' title='bbox 282 1181 334 1242; x_wconf 89' lang='lat' dir='ltr'>sed</span> <span class='ocrx_word' id='word_1_82' title='bbox 348 1183 495 1263; x_wconf 90' lang='lat' dir='ltr'>raphanos</span> <span class='ocrx_word' id='word_1_83' title='bbox 505 1187 696 1265; x_wconf 89' lang='lat' dir='ltr'>supermandi</span> <span class='ocrx_word' id='word_1_84' title='bbox 710 1183 815 1247; x_wconf 89' lang='lat' dir='ltr'>iubent</span> 
     </span>
     <span class='ocr_line' id='line_1_13' title="bbox 66 1267 901 1353; baseline 0.011 -27"><span class='ocrx_word' id='word_1_85' title='bbox 66 1283 102 1326; x_wconf 86' lang='lat' dir='ltr'>ex</span> <span class='ocrx_word' id='word_1_86' title='bbox 123 1267 219 1329; x_wconf 85' lang='lat' dir='ltr'>mulso</span> <span class='ocrx_word' id='word_1_87' title='bbox 239 1278 324 1331; x_wconf 87' lang='lat' dir='ltr'>aceto</span> <span class='ocrx_word' id='word_1_88' title='bbox 343 1279 376 1333; x_wconf 93' lang='lat' dir='ltr'>ut</span> <span class='ocrx_word' id='word_1_89' title='bbox 391 1279 533 1334; x_wconf 86' lang='lat' dir='ltr'>vomatur.</span> <span class='ocrx_word' id='word_1_90' title='bbox 560 1272 735 1353; x_wconf 86' lang='lat' dir='ltr'>pulticulam</span> <span class='ocrx_word' id='word_1_91' title='bbox 754 1273 813 1334; x_wconf 90' lang='lat' dir='ltr'>sili·</span> <span class='ocrx_word' id='word_1_92' title='bbox 886 1280 901 1313; x_wconf 86' lang='grc'><em>*</em></span> 
     </span>
     <span class='ocr_line' id='line_1_14' title="bbox 65 1355 813 1434; baseline 0.008 -18"><span class='ocrx_word' id='word_1_93' title='bbox 65 1357 143 1434; x_wconf 81' lang='lat' dir='ltr'>ginis</span> <span class='ocrx_word' id='word_1_94' title='bbox 162 1356 268 1418; x_wconf 89' lang='lat' dir='ltr'>salsam</span> <span class='ocrx_word' id='word_1_95' title='bbox 285 1357 362 1420; x_wconf 90' lang='lat' dir='ltr'>bene</span> <span class='ocrx_word' id='word_1_96' title='bbox 386 1363 450 1422; x_wconf 90' lang='lat' dir='ltr'>sine</span> <span class='ocrx_word' id='word_1_97' title='bbox 472 1355 536 1422; x_wconf 89' lang='lat' dir='ltr'>oleo</span> <span class='ocrx_word' id='word_1_98' title='bbox 555 1361 700 1424; x_wconf 90' lang='lat' dir='ltr'>edendam</span> <span class='ocrx_word' id='word_1_99' title='bbox 722 1360 813 1423; x_wconf 88' lang='lat' dir='ltr'>dabis.</span> 
     </span>
    </p>
   </div>
   <div class='ocr_carea' id='block_1_3' title="bbox 131 1555 435 1626">
    <p class='ocr_par' dir='ltr' id='par_1_8' title="bbox 131 1555 435 1626">
     <span class='ocr_line' id='line_1_15' title="bbox 131 1555 435 1626; baseline 0.016 -14"><span class='ocrx_word' id='word_1_100' title='bbox 131 1555 173 1614; x_wconf 81' lang='lat' dir='ltr'>X.</span> <span class='ocrx_word' id='word_1_101' title='bbox 196 1557 435 1626; x_wconf 77' lang='lat' dir='ltr'>Dysenteriois.</span> 
     </span>
    </p>
   </div>
   <div class='ocr_carea' id='block_1_4' title="bbox 25 1674 943 2202">
    <p class='ocr_par' dir='ltr' id='par_1_9' title="bbox 25 1674 943 2202">
     <span class='ocr_line' id='line_1_16' title="bbox 129 1674 900 1760; baseline 0.006 -21"><span class='ocrx_word' id='word_1_102' title='bbox 129 1674 239 1739; x_wconf 88' lang='lat' dir='ltr'>llolera</span> <span class='ocrx_word' id='word_1_103' title='bbox 262 1677 393 1739; x_wconf 88' lang='lat' dir='ltr'>discocta</span> <span class='ocrx_word' id='word_1_104' title='bbox 412 1696 480 1739; x_wconf 91' lang='lat' dir='ltr'>eum</span> <span class='ocrx_word' id='word_1_105' title='bbox 502 1679 561 1740; x_wconf 90' lang='lat' dir='ltr'>sale</span> <span class='ocrx_word' id='word_1_106' title='bbox 586 1680 724 1742; x_wconf 90' lang='lat' dir='ltr'>eduntur.</span> <span class='ocrx_word' id='word_1_107' title='bbox 757 1699 812 1760; x_wconf 91' lang='lat' dir='ltr'>per</span> <span class='ocrx_word' id='word_1_108' title='bbox 884 1689 900 1721; x_wconf 81' lang='grc'>*</span> 
     </span>
     <span class='ocr_line' id='line_1_17' title="bbox 25 1762 943 1850; baseline 0.013 -30"><span class='ocrx_word' id='word_1_109' title='bbox 25 1776 49 1818; x_wconf 75' lang='lat' dir='ltr'>ro</span> <span class='ocrx_word' id='word_1_110' title='bbox 63 1781 95 1823; x_wconf 92' lang='lat' dir='ltr'>se</span> <span class='ocrx_word' id='word_1_111' title='bbox 118 1762 203 1825; x_wconf 91' lang='lat' dir='ltr'>bulbi</span> <span class='ocrx_word' id='word_1_112' title='bbox 225 1768 288 1827; x_wconf 90' lang='lat' dir='ltr'>triti</span> <span class='ocrx_word' id='word_1_113' title='bbox 311 1767 419 1828; x_wconf 85' lang='lat' dir='ltr'>dantur</span> <span class='ocrx_word' id='word_1_114' title='bbox 436 1769 468 1828; x_wconf 97' lang='lat' dir='ltr'>in</span> <span class='ocrx_word' id='word_1_115' title='bbox 486 1770 554 1829; x_wconf 88' lang='lat' dir='ltr'>vino</span> <span class='ocrx_word' id='word_1_116' title='bbox 573 1778 706 1831; x_wconf 87' lang='lat' dir='ltr'>austero:</span> <span class='ocrx_word' id='word_1_117' title='bbox 728 1773 811 1850; x_wconf 90' lang='lat' dir='ltr'>potio</span> <span class='ocrx_word' id='word_1_118' title='bbox 839 1781 943 1846; x_wconf 81' lang='lat'>20‚104.</span> 
     </span>
     <span class='ocr_line' id='line_1_18' title="bbox 61 1854 943 1935; baseline 0.008 -23"><span class='ocrx_word' id='word_1_119' title='bbox 61 1854 206 1914; x_wconf 89' lang='lat' dir='ltr'>miscetur</span> <span class='ocrx_word' id='word_1_120' title='bbox 230 1854 350 1916; x_wconf 90' lang='lat' dir='ltr'>caelesti</span> <span class='ocrx_word' id='word_1_121' title='bbox 373 1873 457 1935; x_wconf 88' lang='lat' dir='ltr'>aqua.</span> <span class='ocrx_word' id='word_1_122' title='bbox 494 1865 613 1918; x_wconf 90' lang='lat' dir='ltr'>coetum</span> <span class='ocrx_word' id='word_1_123' title='bbox 632 1860 761 1918; x_wconf 91' lang='lat' dir='ltr'>ocimum</span> <span class='ocrx_word' id='word_1_124' title='bbox 779 1861 811 1918; x_wconf 94' lang='lat' dir='ltr'>in</span> <span class='ocrx_word' id='word_1_125' title='bbox 838 1869 943 1932; x_wconf 68' lang='lat' dir='ltr'>tepea.</span> 
     </span>
     <span class='ocr_line' id='line_1_19' title="bbox 61 1939 942 2022; baseline 0.008 -22"><span class='ocrx_word' id='word_1_126' title='bbox 61 1939 130 2000; x_wconf 90' lang='lat' dir='ltr'>cibo</span> <span class='ocrx_word' id='word_1_127' title='bbox 154 1940 249 2003; x_wconf 87' lang='lat' dir='ltr'>datur.</span> <span class='ocrx_word' id='word_1_128' title='bbox 285 1951 354 2004; x_wconf 86' lang='lat' dir='ltr'>ruta</span> <span class='ocrx_word' id='word_1_129' title='bbox 372 1962 440 2004; x_wconf 77' lang='lat' dir='ltr'>curm</span> <span class='ocrx_word' id='word_1_130' title='bbox 459 1963 545 2005; x_wconf 90' lang='lat' dir='ltr'>caseo</span> <span class='ocrx_word' id='word_1_131' title='bbox 565 1948 674 2007; x_wconf 90' lang='lat' dir='ltr'>teritur</span> <span class='ocrx_word' id='word_1_132' title='bbox 692 1947 724 2005; x_wconf 93' lang='lat' dir='ltr'>in</span> <span class='ocrx_word' id='word_1_133' title='bbox 742 1947 809 2006; x_wconf 91' lang='lat' dir='ltr'>vino</span> <span class='ocrx_word' id='word_1_134' title='bbox 838 1958 942 2022; x_wconf 81' lang='lat'>20‚140.</span> 
     </span>
     <span class='ocr_line' id='line_1_20' title="bbox 60 2029 942 2109; baseline 0.008 -21"><span class='ocrx_word' id='word_1_135' title='bbox 60 2029 93 2089; x_wconf 90' lang='lat' dir='ltr'>in</span> <span class='ocrx_word' id='word_1_136' title='bbox 116 2029 238 2091; x_wconf 92' lang='lat' dir='ltr'>modum</span> <span class='ocrx_word' id='word_1_137' title='bbox 266 2034 373 2093; x_wconf 89' lang='lat' dir='ltr'>moreti</span> <span class='ocrx_word' id='word_1_138' title='bbox 400 2041 432 2092; x_wconf 89' lang='lat' dir='ltr'>et</span> <span class='ocrx_word' id='word_1_139' title='bbox 459 2035 499 2094; x_wconf 90' lang='lat' dir='ltr'>ita</span> <span class='ocrx_word' id='word_1_140' title='bbox 528 2034 634 2094; x_wconf 91' lang='lat' dir='ltr'>editur.</span> <span class='ocrx_word' id='word_1_141' title='bbox 672 2051 741 2095; x_wconf 87' lang='lat' dir='ltr'>cera</span> <span class='ocrx_word' id='word_1_142' title='bbox 763 2052 809 2095; x_wconf 91' lang='lat' dir='ltr'>re·</span> <span class='ocrx_word' id='word_1_143' title='bbox 837 2046 942 2109; x_wconf 63' lang='lat' dir='ltr'>euplo.</span> 
     </span>
     <span class='ocr_line' id='line_1_21' title="bbox 60 2120 810 2202; baseline 0.007 -25"><span class='ocrx_word' id='word_1_144' title='bbox 60 2120 152 2179; x_wconf 90' lang='lat' dir='ltr'>missa</span> <span class='ocrx_word' id='word_1_145' title='bbox 180 2121 211 2178; x_wconf 90' lang='lat' dir='ltr'>in</span> <span class='ocrx_word' id='word_1_146' title='bbox 237 2122 358 2199; x_wconf 89' lang='lat' dir='ltr'>potione</span> <span class='ocrx_word' id='word_1_147' title='bbox 386 2120 487 2182; x_wconf 88' lang='lat' dir='ltr'>datur:</span> <span class='ocrx_word' id='word_1_148' title='bbox 517 2121 585 2202; x_wconf 90' lang='lat' dir='ltr'>puls</span> <span class='ocrx_word' id='word_1_149' title='bbox 613 2123 645 2184; x_wconf 85' lang='lat' dir='ltr'>tit</span> <span class='ocrx_word' id='word_1_150' title='bbox 673 2140 710 2184; x_wconf 85' lang='lat' dir='ltr'>ex</span> <span class='ocrx_word' id='word_1_151' title='bbox 737 2121 810 2182; x_wconf 90' lang='lat' dir='ltr'>alica</span> 
     </span>
    </p>
   </div>
   <div class='ocr_carea' id='block_1_5' title="bbox 55 2348 1081 3417">
    <p class='ocr_par' dir='ltr' id='par_1_10' title="bbox 131 2348 1078 2440">
     <span class='ocr_line' id='line_1_22' title="bbox 131 2348 1078 2440; baseline 0.001 -29"><span class='ocrx_word' id='word_1_152' title='bbox 131 2354 148 2411; x_wconf 71' lang='lat' dir='ltr'>l</span> <span class='ocrx_word' id='word_1_153' title='bbox 168 2348 192 2411; x_wconf 83' lang='lat' dir='ltr'>si</span> <span class='ocrx_word' id='word_1_154' title='bbox 210 2349 428 2413; x_wconf 76' lang='lat' dir='ltr'>exulcerationes</span> <span class='ocrx_word' id='word_1_155' title='bbox 447 2351 471 2414; x_wconf 78' lang='grc' dir='ltr'>ἔ.</span> <span class='ocrx_word' id='word_1_156' title='bbox 489 2374 515 2427; x_wconf 76' lang='lat'>9,</span> <span class='ocrx_word' id='word_1_157' title='bbox 538 2350 760 2440; x_wconf 35' lang='lat' dir='ltr'>siexulceralio·</span> <span class='ocrx_word' id='word_1_158' title='bbox 772 2354 799 2409; x_wconf 82' lang='lat' dir='ltr'>il</span> <span class='ocrx_word' id='word_1_159' title='bbox 809 2366 845 2438; x_wconf 44' lang='grc' dir='ltr'><strong>ἦ</strong></span> <span class='ocrx_word' id='word_1_160' title='bbox 864 2353 1078 2438; x_wconf 27' lang='grc' dir='ltr'>(ῑτίοιιίειοπμῑ</span> 
     </span>
    </p>

    <p class='ocr_par' dir='ltr' id='par_1_11' title="bbox 55 2425 1081 3417">
     <span class='ocr_line' id='line_1_23' title="bbox 58 2425 1081 2498; baseline -0.001 -15"><span class='ocrx_word' id='word_1_161' title='bbox 58 2427 93 2496; x_wconf 88' lang='lat' dir='ltr'>(si</span> <span class='ocrx_word' id='word_1_162' title='bbox 112 2444 157 2483; x_wconf 88' lang='lat' dir='ltr'>ex.</span> <span class='ocrx_word' id='word_1_163' title='bbox 180 2427 218 2482; x_wconf 89' lang='lat' dir='ltr'>sit</span> <span class='ocrx_word' id='word_1_164' title='bbox 238 2430 294 2498; x_wconf 84' lang='lat' dir='ltr'>rb).</span> <span class='ocrx_word' id='word_1_165' title='bbox 330 2430 377 2484; x_wconf 82' lang='lat' dir='ltr'>aed</span> <span class='ocrx_word' id='word_1_166' title='bbox 395 2430 429 2497; x_wconf 71' lang='lat' dir='ltr'>ef.</span> <span class='ocrx_word' id='word_1_167' title='bbox 451 2429 494 2485; x_wconf 86' lang='lat' dir='ltr'>Pl.</span> <span class='ocrx_word' id='word_1_168' title='bbox 514 2433 539 2484; x_wconf 84' lang='lat' dir='ltr'>et</span> <span class='ocrx_word' id='word_1_169' title='bbox 558 2428 601 2483; x_wconf 82' lang='lat' dir='ltr'>M.</span> <span class='ocrx_word' id='word_1_170' title='bbox 638 2429 703 2495; x_wconf 75' lang='lat' dir='ltr'>sort.</span> <span class='ocrx_word' id='word_1_171' title='bbox 722 2431 805 2481; x_wconf 67' lang='lat' dir='ltr'>naam</span> <span class='ocrx_word' id='word_1_172' title='bbox 823 2443 847 2480; x_wconf 89' lang='lat' dir='ltr'>s1</span> <span class='ocrx_word' id='word_1_173' title='bbox 865 2441 925 2480; x_wconf 88' lang='lat' dir='ltr'>sme</span> <span class='ocrx_word' id='word_1_174' title='bbox 948 2426 998 2493; x_wconf 79' lang='lat' dir='ltr'>(aaa</span> <span class='ocrx_word' id='word_1_175' title='bbox 1017 2425 1081 2495; x_wconf 75' lang='lat' dir='ltr'>Pl.)</span> 
     </span>
     <span class='ocr_line' id='line_1_24' title="bbox 58 2495 1077 2568; baseline -0.003 -14"><span class='ocrx_word' id='word_1_176' title='bbox 58 2498 266 2554; x_wconf 79' lang='lat' dir='ltr'>exulceratione</span> <span class='ocrx_word' id='word_1_177' title='bbox 285 2499 329 2554; x_wconf 84' lang='lat' dir='ltr'>sit.</span> <span class='ocrx_word' id='word_1_178' title='bbox 355 2502 359 2568; x_wconf 86' lang='grc' dir='ltr'>Ι</span> <span class='ocrx_word' id='word_1_179' title='bbox 384 2499 476 2554; x_wconf 86' lang='lat' dir='ltr'>mulso</span> <span class='ocrx_word' id='word_1_180' title='bbox 493 2515 523 2568; x_wconf 75' lang='lat'>9:</span> <span class='ocrx_word' id='word_1_181' title='bbox 542 2498 631 2554; x_wconf 81' lang='lat' dir='ltr'>mulae</span> <span class='ocrx_word' id='word_1_182' title='bbox 650 2499 680 2567; x_wconf 86' lang='lat' dir='ltr'>d,</span> <span class='ocrx_word' id='word_1_183' title='bbox 700 2514 744 2553; x_wconf 89' lang='lat' dir='ltr'>-sa</span> <span class='ocrx_word' id='word_1_184' title='bbox 761 2497 786 2552; x_wconf 87' lang='lat' dir='ltr'>b.</span> <span class='ocrx_word' id='word_1_185' title='bbox 849 2501 865 2550; x_wconf 82' lang='grc'><strong>3</strong></span> <span class='ocrx_word' id='word_1_186' title='bbox 884 2496 943 2551; x_wconf 88' lang='lat' dir='ltr'>Lac</span> <span class='ocrx_word' id='word_1_187' title='bbox 960 2495 1077 2565; x_wconf 84' lang='lat' dir='ltr'>prodest</span> 
     </span>
     <span class='ocr_line' id='line_1_25' title="bbox 55 2565 1073 2653; baseline -0.004 -27"><span class='ocrx_word' id='word_1_188' title='bbox 55 2568 160 2626; x_wconf 87' lang='lat' dir='ltr'>bubuli</span> <span class='ocrx_word' id='word_1_189' title='bbox 172 2568 252 2652; x_wconf 81' lang='lat' dir='ltr'>potui</span> <span class='ocrx_word' id='word_1_190' title='bbox 265 2570 405 2640; x_wconf 81' lang='lat' dir='ltr'>ospicium</span> <span class='ocrx_word' id='word_1_191' title='bbox 414 2570 623 2653; x_wconf 32' lang='lat' dir='ltr'>‘maritimarum</span> <span class='ocrx_word' id='word_1_192' title='bbox 637 2571 697 2639; x_wconf 79' lang='lat' dir='ltr'>(aie)</span> <span class='ocrx_word' id='word_1_193' title='bbox 711 2569 737 2623; x_wconf 86' lang='lat' dir='ltr'>d.</span> <span class='ocrx_word' id='word_1_194' title='bbox 759 2570 763 2636; x_wconf 85' lang='lat' dir='ltr'>l</span> <span class='ocrx_word' id='word_1_195' title='bbox 783 2567 912 2637; x_wconf 82' lang='lat' dir='ltr'>potatum</span> <span class='ocrx_word' id='word_1_196' title='bbox 925 2565 1073 2649; x_wconf 73' lang='lat' dir='ltr'>prodestb.</span> 
     </span>
     <span class='ocr_line' id='line_1_26' title="bbox 56 2637 1077 2791; baseline -0.004 -23"><span class='ocrx_word' id='word_1_197' title='bbox 56 2641 325 2782; x_wconf 51' lang='lat' dir='ltr'>ologlnlffi),</span> <span class='ocrx_word' id='word_1_198' title='bbox 350 2648 394 2766; x_wconf 70' lang='lat' dir='ltr'>orl</span> <span class='ocrx_word' id='word_1_199' title='bbox 411 2639 823 2780; x_wconf 49' lang='lat' dir='ltr'>lllllllolallllfflfllll‘</span> <span class='ocrx_word' id='word_1_200' title='bbox 847 2637 1077 2791; x_wconf 45' lang='lat' dir='ltr'>ll‘slrlalmfflll</span> 
     </span>
     <span class='ocr_line' id='line_1_27' title="bbox 56 2781 1078 2863; baseline -0.002 -25"><span class='ocrx_word' id='word_1_201' title='bbox 56 2801 82 2840; x_wconf 87' lang='lat' dir='ltr'>v.</span> <span class='ocrx_word' id='word_1_202' title='bbox 104 2781 187 2837; x_wconf 67' lang='grc' dir='ltr'>εὐίαηι</span> <span class='ocrx_word' id='word_1_203' title='bbox 260 2783 318 2851; x_wconf 85' lang='lat' dir='ltr'>(rel.</span> <span class='ocrx_word' id='word_1_204' title='bbox 337 2786 412 2853; x_wconf 76' lang='lat' dir='ltr'>om),</span> <span class='ocrx_word' id='word_1_205' title='bbox 432 2785 613 2851; x_wconf 82' lang='lat' dir='ltr'>servaturque</span> <span class='ocrx_word' id='word_1_206' title='bbox 627 2784 660 2838; x_wconf 87' lang='lat' dir='ltr'>ut</span> <span class='ocrx_word' id='word_1_207' title='bbox 673 2781 813 2836; x_wconf 83' lang='lat' dir='ltr'>vetustate</span> <span class='ocrx_word' id='word_1_208' title='bbox 832 2795 905 2834; x_wconf 79' lang='lat' dir='ltr'>mres</span> <span class='ocrx_word' id='word_1_209' title='bbox 924 2782 1048 2863; x_wconf 74' lang='lat' dir='ltr'>acc1p1at</span> <span class='ocrx_word' id='word_1_210' title='bbox 1059 2797 1078 2836; x_wconf 75' lang='lat' dir='ltr'>a</span> 
     </span>
     <span class='ocr_line' id='line_1_28' title="bbox 56 2850 1075 2923; baseline -0.003 -14"><span class='ocrx_word' id='word_1_211' title='bbox 56 2853 211 2923; x_wconf 83' lang='lat' dir='ltr'>(vetustate</span> <span class='ocrx_word' id='word_1_212' title='bbox 228 2852 305 2909; x_wconf 83' lang='lat' dir='ltr'>virus</span> <span class='ocrx_word' id='word_1_213' title='bbox 325 2853 512 2923; x_wconf 74' lang='lat' dir='ltr'>deponentem</span> <span class='ocrx_word' id='word_1_214' title='bbox 531 2853 596 2922; x_wconf 78' lang='lat' dir='ltr'>Pl).</span> <span class='ocrx_word' id='word_1_215' title='bbox 647 2857 663 2907; x_wconf 83' lang='grc'>9</span> <span class='ocrx_word' id='word_1_216' title='bbox 681 2850 864 2922; x_wconf 86' lang='lat' dir='ltr'>imponuntur</span> <span class='ocrx_word' id='word_1_217' title='bbox 880 2851 924 2920; x_wconf 72' lang='lat' dir='ltr'>qd</span> <span class='ocrx_word' id='word_1_218' title='bbox 942 2852 985 2919; x_wconf 85' lang='lat' dir='ltr'>(ut</span> <span class='ocrx_word' id='word_1_219' title='bbox 1001 2867 1075 2906; x_wconf 85' lang='lat' dir='ltr'>vrres</span> 
     </span>
     <span class='ocr_line' id='line_1_29' title="bbox 55 2920 1076 3004; baseline -0.004 -25"><span class='ocrx_word' id='word_1_220' title='bbox 55 2923 124 2979; x_wconf 90' lang='lat' dir='ltr'>inde</span> <span class='ocrx_word' id='word_1_221' title='bbox 145 2922 327 2993; x_wconf 87' lang='lat' dir='ltr'>imponantur</span> <span class='ocrx_word' id='word_1_222' title='bbox 344 2924 405 2995; x_wconf 65' lang='lat' dir='ltr'>bu).</span> <span class='ocrx_word' id='word_1_223' title='bbox 431 2925 435 2991; x_wconf 94' lang='grc' dir='ltr'>Ι</span> <span class='ocrx_word' id='word_1_224' title='bbox 466 2926 550 2994; x_wconf 70' lang='lat' dir='ltr'>auto</span> <span class='ocrx_word' id='word_1_225' title='bbox 573 2924 654 2994; x_wconf 83' lang='lat' dir='ltr'>(Pl.):</span> <span class='ocrx_word' id='word_1_226' title='bbox 683 2925 712 2978; x_wconf 88' lang='lat' dir='ltr'>et</span> <span class='ocrx_word' id='word_1_227' title='bbox 733 2921 781 2978; x_wconf 83' lang='lat' dir='ltr'>db.</span> <span class='ocrx_word' id='word_1_228' title='bbox 857 2920 1076 3004; x_wconf 28' lang='lat' dir='ltr'>loupreoedentne</span> 
     </span>
     <span class='ocr_line' id='line_1_30' title="bbox 55 2992 1075 3055; baseline -0.002 -5"><span class='ocrx_word' id='word_1_229' title='bbox 55 2993 166 3050; x_wconf 81' lang='lat' dir='ltr'>vomitu</span> <span class='ocrx_word' id='word_1_230' title='bbox 184 2995 211 3055; x_wconf 83' lang='lat' dir='ltr'>d.</span> <span class='ocrx_word' id='word_1_231' title='bbox 245 3047 247 3051; x_wconf 80' lang='grc'>,</span> <span class='ocrx_word' id='word_1_232' title='bbox 284 3001 317 3050; x_wconf 79' lang='lat'>12</span> <span class='ocrx_word' id='word_1_233' title='bbox 336 2996 402 3052; x_wconf 85' lang='lat' dir='ltr'>boec</span> <span class='ocrx_word' id='word_1_234' title='bbox 418 2996 517 3050; x_wconf 81' lang='lat' dir='ltr'>ultimo</span> <span class='ocrx_word' id='word_1_235' title='bbox 535 2995 575 3050; x_wconf 82' lang='lat' dir='ltr'>a‘o</span> <span class='ocrx_word' id='word_1_236' title='bbox 592 2995 672 3050; x_wconf 82' lang='lat' dir='ltr'>babet</span> <span class='ocrx_word' id='word_1_237' title='bbox 688 3011 716 3049; x_wconf 85' lang='lat' dir='ltr'>r:</span> <span class='ocrx_word' id='word_1_238' title='bbox 740 2994 812 3048; x_wconf 85' lang='lat' dir='ltr'>Item</span> <span class='ocrx_word' id='word_1_239' title='bbox 849 2992 998 3047; x_wconf 83' lang='lat' dir='ltr'>ultrculam</span> <span class='ocrx_word' id='word_1_240' title='bbox 1017 2993 1075 3048; x_wconf 76' lang='lat' dir='ltr'>sih·</span> 
     </span>
     <span class='ocr_line' id='line_1_31' title="bbox 56 3062 1075 3189; baseline -0.001 -69"><span class='ocrx_word' id='word_1_241' title='bbox 56 3064 132 3136; x_wconf 78' lang='lat' dir='ltr'>ginis</span> <span class='ocrx_word' id='word_1_242' title='bbox 152 3081 216 3120; x_wconf 86' lang='lat' dir='ltr'>cum</span> <span class='ocrx_word' id='word_1_243' title='bbox 235 3066 294 3121; x_wconf 88' lang='lat' dir='ltr'>sale</span> <span class='ocrx_word' id='word_1_244' title='bbox 311 3067 424 3121; x_wconf 87' lang='lat' dir='ltr'>tautum</span> <span class='ocrx_word' id='word_1_245' title='bbox 442 3065 502 3120; x_wconf 86' lang='lat' dir='ltr'>sino</span> <span class='ocrx_word' id='word_1_246' title='bbox 520 3066 583 3121; x_wconf 90' lang='lat' dir='ltr'>oleo</span> <span class='ocrx_word' id='word_1_247' title='bbox 601 3064 727 3146; x_wconf 78' lang='lat' dir='ltr'>condies,</span> <span class='ocrx_word' id='word_1_248' title='bbox 752 3065 781 3118; x_wconf 88' lang='lat' dir='ltr'>et</span> <span class='ocrx_word' id='word_1_249' title='bbox 802 3080 819 3119; x_wconf 90' lang='lat' dir='ltr'>a</span> <span class='ocrx_word' id='word_1_250' title='bbox 840 3062 917 3134; x_wconf 59' lang='lat' dir='ltr'>‘Jcies</span> <span class='ocrx_word' id='word_1_251' title='bbox 937 3078 1001 3189; x_wconf 46' lang='lat' dir='ltr'>cei}</span> <span class='ocrx_word' id='word_1_252' title='bbox 1023 3081 1075 3134; x_wconf 87' lang='lat' dir='ltr'>pu·</span> 
     </span>
     <span class='ocr_line' id='line_1_32' title="bbox 55 3133 1074 3213; baseline -0.004 -21"><span class='ocrx_word' id='word_1_253' title='bbox 55 3137 120 3209; x_wconf 72' lang='lat' dir='ltr'>nicp</span> <span class='ocrx_word' id='word_1_254' title='bbox 134 3135 198 3191; x_wconf 81' lang='lat' dir='ltr'>deri.</span> <span class='ocrx_word' id='word_1_255' title='bbox 210 3155 248 3192; x_wconf 70' lang='grc' dir='ltr'>γι.</span> <span class='ocrx_word' id='word_1_256' title='bbox 263 3137 292 3192; x_wconf 89' lang='lat' dir='ltr'>et</span> <span class='ocrx_word' id='word_1_257' title='bbox 310 3136 431 3207; x_wconf 77' lang='lat' dir='ltr'>agitabis</span> <span class='ocrx_word' id='word_1_258' title='bbox 450 3136 521 3192; x_wconf 89' lang='lat' dir='ltr'>bene</span> <span class='ocrx_word' id='word_1_259' title='bbox 535 3138 565 3190; x_wconf 91' lang='lat' dir='ltr'>et</span> <span class='ocrx_word' id='word_1_260' title='bbox 582 3136 622 3190; x_wconf 88' lang='lat' dir='ltr'>sic</span> <span class='ocrx_word' id='word_1_261' title='bbox 636 3135 717 3190; x_wconf 77' lang='lat' dir='ltr'>dabis</span> <span class='ocrx_word' id='word_1_262' title='bbox 733 3133 870 3189; x_wconf 81' lang='lat' dir='ltr'>edendam</span> <span class='ocrx_word' id='word_1_263' title='bbox 885 3134 960 3213; x_wconf 71' lang='lat' dir='ltr'>(orn</span> <span class='ocrx_word' id='word_1_264' title='bbox 999 3137 1074 3203; x_wconf 78' lang='lat' dir='ltr'>arc).</span> 
     </span>
     <span class='ocr_line' id='line_1_33' title="bbox 92 3205 1073 3286; baseline -0.001 -25"><span class='ocrx_word' id='word_1_265' title='bbox 92 3209 135 3263; x_wconf 80' lang='lat' dir='ltr'>tit.</span> <span class='ocrx_word' id='word_1_266' title='bbox 160 3205 343 3263; x_wconf 83' lang='lat' dir='ltr'>Desintericis</span> <span class='ocrx_word' id='word_1_267' title='bbox 362 3223 392 3278; x_wconf 75' lang='lat' dir='ltr'>q,</span> <span class='ocrx_word' id='word_1_268' title='bbox 417 3207 462 3262; x_wconf 86' lang='lat' dir='ltr'>Ad</span> <span class='ocrx_word' id='word_1_269' title='bbox 485 3206 674 3262; x_wconf 84' lang='lat' dir='ltr'>dissintericos</span> <span class='ocrx_word' id='word_1_270' title='bbox 693 3206 720 3261; x_wconf 84' lang='lat' dir='ltr'>d.</span> <span class='ocrx_word' id='word_1_271' title='bbox 793 3211 828 3260; x_wconf 81' lang='lat'>14</span> <span class='ocrx_word' id='word_1_272' title='bbox 851 3205 886 3272; x_wconf 85' lang='lat' dir='ltr'>of.</span> <span class='ocrx_word' id='word_1_273' title='bbox 905 3221 994 3275; x_wconf 77' lang='lat' dir='ltr'>sopra</span> <span class='ocrx_word' id='word_1_274' title='bbox 1011 3221 1033 3261; x_wconf 88' lang='lat' dir='ltr'>c.</span> <span class='ocrx_word' id='word_1_275' title='bbox 1048 3212 1073 3286; x_wconf 66' lang='lat' dir='ltr'>{a</span> 
     </span>
     <span class='ocr_line' id='line_1_34' title="bbox 93 3276 1073 3349; baseline -0.004 -17"><span class='ocrx_word' id='word_1_276' title='bbox 93 3284 127 3334; x_wconf 79' lang='lat' dir='ltr'>lo</span> <span class='ocrx_word' id='word_1_277' title='bbox 148 3293 222 3346; x_wconf 87' lang='lat' dir='ltr'>aqua</span> <span class='ocrx_word' id='word_1_278' title='bbox 239 3295 270 3348; x_wconf 80' lang='lat' dir='ltr'>p:</span> <span class='ocrx_word' id='word_1_279' title='bbox 289 3295 361 3349; x_wconf 85' lang='lat' dir='ltr'>aque</span> <span class='ocrx_word' id='word_1_280' title='bbox 380 3278 454 3347; x_wconf 66' lang='lat' dir='ltr'>ab).</span> <span class='ocrx_word' id='word_1_281' title='bbox 475 3279 481 3347; x_wconf 80' lang='lat' dir='ltr'>l</span> <span class='ocrx_word' id='word_1_282' title='bbox 505 3279 614 3333; x_wconf 89' lang='lat' dir='ltr'>coetum</span> <span class='ocrx_word' id='word_1_283' title='bbox 633 3277 672 3332; x_wconf 84' lang='lat' dir='ltr'>db</span> <span class='ocrx_word' id='word_1_284' title='bbox 692 3276 775 3347; x_wconf 88' lang='lat' dir='ltr'>(Pl.):</span> <span class='ocrx_word' id='word_1_285' title='bbox 794 3277 903 3332; x_wconf 86' lang='lat' dir='ltr'>costum</span> <span class='ocrx_word' id='word_1_286' title='bbox 920 3292 946 3344; x_wconf 80' lang='lat' dir='ltr'>p.</span> <span class='ocrx_word' id='word_1_287' title='bbox 971 3279 976 3346; x_wconf 83' lang='grc' dir='ltr'>ι</span> <span class='ocrx_word' id='word_1_288' title='bbox 1001 3290 1073 3329; x_wconf 77' lang='lat' dir='ltr'>oeci-</span> 
     </span>
     <span class='ocr_line' id='line_1_35' title="bbox 56 3346 1073 3417; baseline -0.006 -13"><span class='ocrx_word' id='word_1_289' title='bbox 56 3366 135 3404; x_wconf 84' lang='lat' dir='ltr'>mum</span> <span class='ocrx_word' id='word_1_290' title='bbox 153 3349 180 3404; x_wconf 84' lang='lat' dir='ltr'>d.</span> <span class='ocrx_word' id='word_1_291' title='bbox 255 3355 289 3406; x_wconf 84' lang='lat'>18</span> <span class='ocrx_word' id='word_1_292' title='bbox 306 3350 337 3404; x_wconf 92' lang='lat' dir='ltr'>in</span> <span class='ocrx_word' id='word_1_293' title='bbox 354 3350 470 3405; x_wconf 89' lang='lat' dir='ltr'>modum</span> <span class='ocrx_word' id='word_1_294' title='bbox 486 3348 588 3404; x_wconf 86' lang='lat' dir='ltr'>moreti</span> <span class='ocrx_word' id='word_1_295' title='bbox 611 3346 720 3417; x_wconf 85' lang='lat' dir='ltr'>(mereti</span> <span class='ocrx_word' id='word_1_296' title='bbox 738 3348 799 3417; x_wconf 83' lang='lat' dir='ltr'>rb):</span> <span class='ocrx_word' id='word_1_297' title='bbox 824 3363 875 3402; x_wconf 84' lang='lat' dir='ltr'>om.</span> <span class='ocrx_word' id='word_1_298' title='bbox 896 3347 940 3401; x_wconf 88' lang='lat' dir='ltr'>Pl.</span> <span class='ocrx_word' id='word_1_299' title='bbox 967 3348 972 3414; x_wconf 79' lang='grc' dir='ltr'>Ι</span> <span class='ocrx_word' id='word_1_300' title='bbox 997 3360 1073 3399; x_wconf 80' lang='lat' dir='ltr'>cera:</span> 
     </span>
    </p>
   </div>
   <div class='ocr_carea' id='block_1_6' title="bbox 56 3415 1194 3525">
    <p class='ocr_par' dir='ltr' id='par_1_12' title="bbox 56 3415 1194 3525">
     <span class='ocr_line' id='line_1_36' title="bbox 56 3415 1194 3525; baseline -0.005 -50"><span class='ocrx_word' id='word_1_301' title='bbox 56 3418 189 3525; x_wconf 38' lang='lat' dir='ltr'>Geroda</span> <span class='ocrx_word' id='word_1_302' title='bbox 229 3425 262 3476; x_wconf 79' lang='lat'>19</span> <span class='ocrx_word' id='word_1_303' title='bbox 280 3421 344 3491; x_wconf 86' lang='lat' dir='ltr'>puls</span> <span class='ocrx_word' id='word_1_304' title='bbox 363 3421 421 3489; x_wconf 88' lang='lat' dir='ltr'>(Pl.</span> <span class='ocrx_word' id='word_1_305' title='bbox 439 3419 653 3491; x_wconf 62' lang='lat' dir='ltr'>pulticulam:</span> <span class='ocrx_word' id='word_1_306' title='bbox 672 3416 767 3491; x_wconf 79' lang='lat' dir='ltr'>pulvis</span> <span class='ocrx_word' id='word_1_307' title='bbox 786 3417 883 3490; x_wconf 65' lang='lat' dir='ltr'>odil.</span> <span class='ocrx_word' id='word_1_308' title='bbox 903 3417 916 3486; x_wconf 75' lang='lat' dir='ltr'>l</span> <span class='ocrx_word' id='word_1_309' title='bbox 936 3433 975 3471; x_wconf 72' lang='lat' dir='ltr'>ex</span> <span class='ocrx_word' id='word_1_310' title='bbox 987 3415 1080 3480; x_wconf 59' lang='lat' dir='ltr'>abaco</span> <span class='ocrx_word' id='word_1_311' title='bbox 1191 3501 1194 3505; x_wconf 82' lang='lat'>.</span> 
     </span>
    </p>
   </div>
   <div class='ocr_carea' id='block_1_7' title="bbox 55 3491 947 3634">
    <p class='ocr_par' dir='ltr' id='par_1_13' title="bbox 55 3491 947 3634">
     <span class='ocr_line' id='line_1_37' title="bbox 55 3491 947 3634; baseline 0.004 -74"><span class='ocrx_word' id='word_1_312' title='bbox 55 3491 212 3560; x_wconf 66' lang='lat' dir='ltr'>(uma).</span> <span class='ocrx_word' id='word_1_313' title='bbox 911 3576 947 3634; x_wconf 43' lang='grc' dir='ltr'>ῃ</span> 
     </span>
    </p>
   </div>
   <div class='ocr_carea' id='block_1_8' title="bbox 0 0 1212 3802">
    <p class='ocr_par' dir='ltr' id='par_1_14' title="bbox 0 0 1212 3802">
     <span class='ocr_line' id='line_1_38' title="bbox 0 0 1212 3802; baseline 0 1"><span class='ocrx_word' id='word_1_314' title='bbox 0 0 1212 3802; x_wconf 95' lang='lat' dir='ltr'> </span> 
     </span>
    </p>
   </div>
  </div>
 </body>
</html>
