2416 3802
479 154 698 218 ,99-

79 325 199 379 coctae:
235 320 314 398 pisas
343 336 411 378 cum
435 318 494 379 sale
525 327 555 380 et
581 319 707 398 pedibus
734 324 829 401 ponis
857 327 872 360 *
897 325 956 392 (om.
976 327 1001 394 r)

78 406 251 467 lenticulam
294 409 415 488 coquiS,
460 409 534 469 teris
576 410 698 470 adiectis
734 410 830 471 mellis
857 417 872 450 *
897 413 956 481 (om.
976 415 1001 481 r)

78 494 266 556 coclearibus
288 494 386 557 tribus
410 496 588 575 etpedibus
611 501 747 578 imponis.
780 518 829 559 ur·
858 511 944 574 30:18.

78 586 140 645 tica
162 587 232 645 trita
255 602 324 645 cum
347 583 551 646 columbarum
574 590 726 668 sanguine
741 606 829 667 appo-

45 675 171 734 onitur.
209 672 294 753 adipe
317 673 401 735 vituli
420 677 528 735 marini
548 677 639 754 pedes
657 695 829 756 perungun·
857 688 962 751 capio.

78 770 141 842 tur,
160 763 245 823 cuius
260 771 291 823 et
310 761 438 841 pellibus
453 763 571 824 calciari
585 766 712 845 expedit.
740 784 828 826 ranae
857 769 985 840 (aaut.)

78 853 232 929 aquaticae
261 852 426 930 discerptae
455 852 580 914 subinde
611 862 748 915 recentes
775 857 829 914 im·

77 946 242 1019 ponuntur.
279 940 351 1000 lenit
375 949 405 1001 et
432 941 569 1021 plantago
598 962 665 1003 cum
695 944 828 1022 axungia.
858 945 984 1018 (26,101.)

78 1028 170 1089 limus
202 1031 355 1107 aquaticus
386 1047 456 1090 cum
488 1031 553 1091 oleo
581 1031 722 1092 subactus
754 1033 829 1091 mire
857 1034 986 1105 (aalma)

31 1132 66 1171 10
78 1116 212 1197 prodest.
248 1120 352 1178 ursino
376 1118 474 1200 adipe,
497 1122 615 1180 taurino
636 1139 719 1202 sevo,
744 1138 829 1181 cerae
858 1131 962 1195 acala.

79 1208 147 1286 pari
176 1206 309 1285 pondere
342 1206 474 1267 decoctis
506 1215 640 1269 ittuntur.
685 1208 831 1269 bubulum
893 1211 929 1264 io.

80 1295 184 1355 fimum
212 1313 281 1355 cum
308 1298 385 1356 aceti
414 1296 495 1357 saoce
528 1297 725 1375 magnificant.
769 1297 830 1356 fimi
859 1307 963 1371 aaran

80 1385 195 1463 caprini
223 1385 298 1444 cinis
326 1402 395 1445 cum
422 1387 546 1464 axungia
570 1394 670 1446 vetere
698 1385 830 1465 prodest.

149 1471 223 1533 Cum
238 1480 337 1551 autem
356 1472 492 1551 pluribus
508 1474 731 1553 malagmatibus
746 1483 830 1536 utan-
903 1479 918 1511 *

36 1574 66 1614 1⁵
81 1570 133 1622 tur
160 1563 188 1620 ei
221 1563 272 1639 qui
304 1561 360 1622 hoc
388 1562 464 1622 malo
497 1562 631 1623 laborant
660 1571 751 1642 prout
782 1563 831 1623 illa

81 1650 160 1728 apud
174 1667 417 1729 unumquemque
434 1652 619 1712 commendat
637 1654 831 1713 monstrantis

81 1740 258 1819 auctoritas,
289 1730 405 1818 ponam
425 1742 668 1819 compositionem
703 1740 739 1800 de
774 1757 832 1818 qua

80 1844 170 1888 nemo
193 1829 245 1906 qui
267 1845 341 1889 usus
360 1835 407 1888 cst
425 1836 549 1907 questus
570 1837 623 1889 est.
660 1831 736 1908 picis
758 1827 831 1888 brit·

81 1919 141 1978 tiae
171 1918 276 1976 unciae
300 1931 324 1976 v
347 1925 377 1977 et
404 1917 529 1996 scripuli
552 1933 617 1998 vn,
646 1934 731 1976 cerae
759 1934 830 1994 pon·

39 2019 67 2059 co
80 2007 159 2066 ticae
178 2004 366 2086 tantundem,
389 2009 505 2066 resinae
524 2006 628 2066 frictae
647 2004 832 2085 tantundem,

81 2092 199 2172 galbani
223 2093 242 2148 it
266 2084 514 2175 x1‚'ammoniaci
538 2096 702 2156 semuncia:
735 2095 832 2154 omnia

81 2181 156 2261 baec
174 2183 206 2243 in
222 2181 329 2242 cacabo
348 2202 423 2242 novo
443 2193 676 2263 componuntur,
699 2200 831 2261 coquun-

81 2280 133 2332 tur
147 2271 183 2331 ad
193 2288 286 2330 unum
301 2271 417 2332 fervore
428 2270 514 2332 bono.
536 2274 566 2332 in
577 2272 719 2332 mortario
733 2279 832 2332 autem

81 2368 224 2420 teruntur
249 2358 335 2420 haec:
367 2360 495 2420 euforbii
518 2363 605 2420 uncia
625 2375 650 2442 1,
675 2361 832 2438 styptcrias

156 2552 169 2601 1
194 2548 234 2603 aie
256 2549 326 2616 pdb.
396 2555 410 2602 2
430 2547 587 2604 Lentiolam
609 2565 635 2619 9.
657 2551 661 2616 Ι
687 2564 789 2619 coques
802 2550 875 2603 teres
890 2547 1102 2616 ...inponesd

82 2620 130 2688 (·is
152 2621 189 2689 9).
255 2617 415 2674 decimet
436 2620 475 2689 pb
495 2619 575 2688 (Pl.):
605 2621 634 2674 et
656 2619 715 2674 eius
733 2620 759 2674 d.
786 2622 789 2687 Ι
836 2617 936 2674 ollibus
960 2618 1000 2673 db
1015 2617 1101 2686 (Pl.):

79 2689 201 2760 pedibus
218 2706 244 2760 9.
300 2691 528 2760 limponuntur:
546 2706 582 2747 sc.
602 2691 638 2744 ad
656 2689 789 2745 arlicmos
837 2691 854 2744 l.
920 2694 953 2744 10
971 2688 1100 2758 prodente

79 2777 116 2819 cc.
136 2760 205 2816 telis
222 2761 396 2818 tumentibus
416 2763 461 2818 Pl.
489 2763 492 2828 Ι
518 2777 582 2815 cum
601 2778 681 2816 cerae
699 2780 726 2830 p.
745 2779 772 2830 p.
792 2761 837 2816 rb.
903 2766 934 2814 11
956 2758 1055 2815 bubuli
1073 2760 1100 2814 d.

118 2837 153 2886 15
177 2830 216 2904 ei:
244 2832 275 2886 hi
298 2834 387 2902 pdrb.
466 2837 499 2886 16
527 2837 613 2902 umiq3
636 2833 663 2887 d.
688 2833 692 2902 l
718 2830 899 2886 monstrantis
922 2833 994 2902 prb:
1022 2847 1100 2886 mon·

81 2904 174 2959 sucta
196 2903 222 2959 d.
310 2910 342 2958 17
366 2906 438 2958 leone
461 2903 678 2973 compositicium
702 2918 759 2958 con
781 2903 925 2971 eoseripcit
948 2903 1103 2957 Marcellos

81 2975 147 3045 (ceci.
171 2974 207 3041 cf.
225 2975 340 3030 similem
352 2993 383 3045 p.
404 2975 503 3045 arafa).
560 2979 592 3029 18
611 2973 726 3030 brittiae
744 2990 774 3043 9ε
793 2973 881 3029 brieio
904 2974 924 3029 d
942 2972 1047 3042 (brutia
1065 2973 1101 3043 b).

134 3051 167 3100 19
191 3045 288 3101 uncias
313 3066 346 3103 .v.
366 3063 384 3116 9
413 3045 545 3116 (quinque
564 3047 630 3115 im),
648 3056 719 3104 ÷v.
739 3047 770 3113 ol,
790 3044 885 3100 uncias
905 3060 952 3100 sex
970 3045 1014 3101 rb.
1039 3046 1043 3112 Ι
1073 3045 1103 3099 et

82 3152 138 3208 scri
157 3151 199 3206 uli
216 3173 265 3208 vn.
284 3154 344 3222 (aie)
362 3170 392 3223 9,
413 3153 442 3207 et
460 3131 515 3224 adp.
539 3172 587 3208 vn.
612 3153 631 3206 d
654 3153 694 3222 (et
712 3150 856 3221 scrupulos
880 3152 988 3221 septem
1012 3151 1047 3220 b).

83 3230 118 3278 20
164 3223 225 3278 'ae
243 3241 266 3280 r.
318 3229 350 3278 21
371 3223 928 3295 cx1p,3(aioe5etcicaemper)x1d:
948 3221 1102 3290 sory(u)pu·

81 3295 125 3349 los
143 3315 173 3349 x1
192 3295 236 3349 rb.
258 3296 262 3364 l
287 3295 458 3351 semunciam
481 3311 511 3364 9,
539 3293 721 3350 semiunciam
747 3294 836 3363 lstdb·
900 3299 934 3346 23
962 3292 1102 3346 fervorem

81 3365 189 3421 bonum
215 3366 305 3435 pdrb.
396 3373 430 3420 24
459 3364 704 3436 Syptericescistes
731 3381 761 3434 9,
797 3364 912 3433 sipberio
941 3360 1054 3416 eseistes
1073 3360 1104 3443 ‘d

84 3434 243 3563 (attypalpiriae
267 3440 374 3508 seysbos
396 3439 447 3506 rb,
478 3436 610 3506 sipberiae
634 3453 670 3492 sc.
695 3437 753 3507 dm).
790 3452 878 3506 supro
905 3433 986 3487 addit
1013 3441 1041 3500 p*
1071 3431 1111 3483 id

85 3524 115 3563 es
176 3523 265 3562 umen.
571 3531 575 3535 ·
921 3540 924 3544 -
