2416 3802
532 161 775 228 -194—

251 329 328 389 dunt
349 328 463 388 ventris
490 325 630 387 cilicium.
666 344 703 386 ex
732 325 842 404 quibus
863 343 968 404 aspera
991 325 1037 384 ris
1062 343 1168 386 eorum

251 425 283 479 et
303 417 435 497 primum
457 414 538 494 flgno
562 415 668 475 sortita
691 411 939 494 deprehenditur„
971 413 1042 474 lolia
1069 421 1168 487 tamen

251 505 297 585 vel
328 507 394 585 ipsa
423 521 512 584 poma
540 504 670 564 contrita
701 510 732 563 et
763 504 893 583 inposita
924 499 1111 582 spleneticos
1137 510 1169 565 et

251 593 430 675 hydropicos
453 591 593 653 adiuvare
612 592 813 673 certissimum
832 598 887 653 est.
919 590 1031 653 radicis
1051 599 1085 653 et
1103 610 1169 653 cor·

252 685 320 745 ticis
343 681 447 757 eadem
469 682 565 757 virtus
587 678 729 761 habetur,
752 697 992 759 quorumsucus
1012 697 1057 759 er
1079 680 1194 743 melles

252 779 357 833 coctus
378 772 486 837 tussim
509 770 638 850 mitigat,
660 785 729 830 cum
746 787 831 830 mero
855 770 966 848 mistus
989 770 1088 831 neeri
1107 787 1169 831 me·

252 860 354 940 detur,
377 859 506 919 vesicam
527 856 606 919 levat
627 859 714 918 urina
736 857 873 936 largiore.
905 884 909 891 ¹

317 1058 492 1117 XLVIHI.
523 1059 574 1115 De
596 1014 697 1113 fico..

59 1203 62 1208 ¹
167 1174 230 1228 Get.
280 1194 283 1199 ·
320 1176 461 1247 Ficorum
492 1182 599 1237 natura
630 1173 808 1237 calidissima
838 1170 907 1256 est,'²
927 1167 991 1236 set·
1011 1175 1096 1255 quod
1132 1175 1167 1237 ad

149 1249 340 1347 W²⁵⁷¹ponra
367 1268 526 1349 pertineat
543 1264 669 1325 nimium
695 1256 869 1335 recentilitrs'
897 1260 1060 1325 austeritas
1074 1256 1169 1326 '‘incst

252 1352 288 1416 et'
304 1354 371 1416 ideo
395 1355 469 1417 tales
493 1352 679 1414 stomachum
701 1348 857 1413 inflant‘tt
879 1353 1020 1414 intestina
1044 1360 1202 1433 portur-1⁰

251 1443 335 1523 bant,
359 1443 474 1504 modice
494 1442 629 1522 quidem,
653 1459 722 1502 uam
743 1443 843 1502 statim
865 1458 920 1520 per
938 1440 1037 1502 alvum
1061 1438 1166 1502 dellust

251 1534 348 1591 omnis
366 1532 482 1592 iniuria.
522 1548 597 1609 quae
616 1533 708 1608 igitur
731 1531 910 1591 maturiores
933 1537 1071 1609 sumptae
1095 1539 1165 1592 sunt

251 1637 344 1698 prope
366 1620 513 1679 innocuae
532 1618 697 1681 creduntur
714 1626 746 1679 et
765 1620 939 1698 corpus-sie
956 1616 1048 1679 s'icmi
1066 1620 1162 1680 siccae

176 1704 221 1757 Pl·
251 1710 395 1791 saginant.
423 1714 509 1769 antea
523 1707 652 1787 denique
667 1707 794 1779 athletae
808 1707 874 1769 ficis
887 1706 1053 1789 alebantur,
1066 1710 1161 1788 prins·

152 1780 341 1876 23¹*³3·quaun
368 1815 420 1858 eos
447 1795 630 1876 Pythagoras
657 1798 841 1875 exercitatos
869 1795 904 1871 ad
938 1796 1038 1857 carnis
1066 1807 1190 1876 usuunlt

251 1888 303 1966 qui
325 1886 432 1947 tortior
455 1883 541 1947 cibus
564 1892 623 1965 est,
653 1884 862 1949 transtulisset„
879 1886 995 1961 -.siccae
1019 1886 1111 1947 tritae
1133 1890 1162 1944 et

250 1977 397 2054 inpositae
420 1972 612 2055 uehementes
635 1981 771 2034 tumores
789 1980 841 2035 aut
858 1979 1008 2033 maturant
1031 1980 1085 2035 ant
1104 1971 1161 2033 dis·

252 2166 466 2174 Ἣ*

175 2245 231 2312 (74)
314 2237 455 2295 Ziziiarurn
479 2244 578 2306 natura
598 2238 681 2297 calida
704 2246 759 2309 est,
784 2236 952 2296 stomachum
975 2244 1106 2312 gravant,
1127 2237 1160 2293 si·

252 2324 299 2380 tim
322 2332 441 2380 movent.
485 2339 564 2400 poma
585 2324 645 2399 ipsa
671 2321 781 2380 difficile
810 2322 981 2396 digeruntur.
1019 2322 1162 2379 veterrima

251 2408 346 2465 viridia
367 2408 446 2484 facile
469 2402 575 2465 urinam
591 2415 710 2464 morant.
749 2407 812 2464 lolia
828 2409 887 2464 eius
909 2406 972 2491 trita
987 2422 1050 2463 cunr
1071 2408 1161 2483 pomis
1174 2419 1198 2461 ro

251 2510 284 2549 er
306 2495 369 2549 vino
392 2500 457 2567 pota
480 2492 643 2569 spleneticos
666 2501 695 2549 et
717 2491 881 2566 hydropicos
904 2497 1009 2548 curant.

216 2790 229 2836 1
254 2781 378 2839 officium
396 2781 503 2836 ventris
525 2782 569 2836 rb.
594 2782 598 2850 1
623 2797 708 2852 apera
725 2798 749 2836 o.
818 2787 834 2835 2
858 2780 923 2835 laiac
946 2796 1002 2836 coc.
1021 2781 1054 2836 d:
1081 2780 1165 2837 Folia

144 2853 227 2924 zizipi
245 2853 292 2908 vel
310 2853 328 2908 i.
347 2852 376 2922 p.
392 2894 397 2906 .
415 2894 421 2906 .
476 2859 492 2906 3
510 2852 557 2908 vel
573 2853 668 2924 pald:
692 2868 741 2906 em.
756 2853 801 2907 rb.
818 2854 822 2921 l
839 2850 1001 2923 spleniticoo
1019 2868 1072 2921 po,
1090 2852 1163 2923 aple-

143 2926 221 2980 nicos
243 2925 287 2980 rb.
353 2923 543 2992 tydropicos
565 2924 642 2994 pa),
669 2922 829 2993 hidropicos
851 2941 876 2978 o.
941 2922 1096 2978 atussim:
1124 2923 1164 2979 sic

141 2995 295 3066 poldon).
351 2993 507 3065 tlargiore
525 3011 576 3064 po:
600 2994 636 3049 -ri
653 2995 690 3048 rb
716 2995 752 3064 (v.
771 2995 855 3051 levat
880 2991 991 3048 urinam
1008 2993 1164 3065 largiorem

143 3067 214 3123 facit
232 3067 284 3136 ld).
335 3071 351 3121 8
370 3065 419 3121 sed
438 3066 513 3136 qnod
524 3097 556 3105 —
569 3067 626 3136 (16)
640 3063 830 3122 transtulisset
842 3081 892 3122 om.
907 3064 934 3120 d.
985 3069 1001 3119 9
1020 3065 1165 3135 pertineat

141 3141 208 3210 pol:
232 3138 293 3192 ·net
313 3138 359 3192 rb.
416 3143 449 3191 12
472 3136 637 3191 maturiores
656 3139 784 3206 sumptae
803 3178 809 3192 .
825 3179 831 3190 .
848 3177 854 3190 .
872 3137 1009 3191 innocuae
1028 3137 1080 3191 rb:
1103 3153 1162 3192 ma·

141 3209 250 3265 tutiora
274 3209 386 3278 sumpta
406 3250 412 3263 .
432 3250 438 3263 .
459 3249 465 3262 .
484 3207 606 3263 innocua
626 3209 680 3277 pol
708 3208 770 3277 (sed
790 3224 854 3263 moe
882 3207 973 3263 siccae
995 3210 1114 3278 omncs).

144 3287 177 3335 13
194 3283 223 3337 et
236 3279 380 3350 incorpus
394 3280 449 3348 pol
467 3277 506 3349 (in
520 3295 571 3333 om.
585 3280 640 3347 rb).
657 3280 662 3346 l
683 3278 722 3332 sic
737 3278 820 3335 sicuti
833 3277 960 3349 (sicut,l)=
974 3279 1015 3333 sie
1028 3279 1163 3349 penso).

179 3359 213 3406 14
232 3353 324 3406 Antea
343 3351 369 3407 d.
388 3349 496 3423 athlete
515 3351 600 3419 (tet)
618 3351 685 3420 yet:
705 3349 826 3419 denique
845 3349 970 3406 athletae
988 3351 1075 3405 antam
1093 3348 1161 3423 rial

139 3448 201 3503 aas
224 3465 275 3503 om,
294 3449 316 3517 a,
343 3449 393 3517 qua
415 3448 526 3518 seipsa
547 3447 655 3503 astrea
679 3421 856 3502 areauna
884 3450 982 3519 (supra
999 3448 1065 3504 aaa.
1084 3447 1116 3518 1).

126 3524 166 3571 15
178 3522 345 3590 pytagoras
362 3537 411 3592 pv.
