2416 3802
477 140 756 239 -19057

117 299 163 366 (D
192 323 247 384 per
274 304 332 364 boc
360 304 514 383 stypticam
541 306 639 365 inesse
668 304 859 364 manifestum
887 315 945 384 est,
974 305 1107 384 deinque

46 465 51 473 Ι
90 372 178 440 11166)
194 391 426 473 praegnantibus
453 393 571 454 fastidio
598 391 801 462 laborantibus
822 395 890 455 esni
916 393 1022 455 datum
1047 403 1106 456 sto-

132 489 148 522 *
194 481 332 543 maehum
359 500 376 541 a
404 484 507 544 nausia
538 481 676 544 vindieat.
718 483 824 543 tritum
858 489 889 543 et
919 484 952 543 in
980 485 1106 562 potione

194 573 255 632 vini
278 571 380 632 datum
401 570 473 634 lieni
496 570 646 652 medetur,
674 570 804 650 querelis
830 572 939 632 iccoris
961 575 1108 654 occurrit,

195 678 271 740 aqua
293 663 397 721 tritum
420 667 451 721 et
472 662 643 740 inspersum
661 660 769 722 umidis
787 659 961 721 subscribes
983 660 1135 723 adhibe-a

194 759 253 810 tur.
294 750 363 811 inde
390 748 586 828 pernionibus
613 767 650 809 ex
676 767 712 810 ca
744 747 893 828 singulare
919 749 1108 828 praesidium

133 844 148 876 *
194 846 248 900 cst.
276 839 382 899 rustici
395 841 544 900 austerior
557 846 663 900 natura
677 855 819 899 concessa
840 846 901 919 est,
919 855 996 916 quiae
1013 856 1108 916 quan-
1143 860 1149 870 ·

107 921 180 987 (Gid-
200 936 264 989 turn
291 926 384 988 valeat
412 930 501 988 etiam
528 927 565 988 de
596 929 662 1006 ipso
690 926 782 988 odore
810 933 946 989 testatur.
986 927 1108 988 modice

111 993 128 1046 ἶ·
143 993 175 1062 θ’)
199 1023 335 1096 sumptus
358 1024 409 1077 ant
431 1009 546 1096 potioni
569 1015 678 1076 calidae
707 1015 818 1077 diutius
840 1017 990 1077 inmersus
1015 1015 1108 1077 bene-

195 1106 261 1165 ficia
274 1112 407 1166 maturae
422 1105 596 1184 digestionis
610 1111 760 1183 operatur.
788 1103 1014 1185 medicamentis
1030 1123 1108 1184 quae
1124 1119 1149 1158 1⁰

195 1193 348 1273 purgando
376 1196 474 1254 ventri
500 1201 716 1273 praeparantur
743 1211 834 1255 sucus
862 1195 927 1255 eius
955 1191 1110 1255 admixtus

195 1281 374 1343 turbationis
395 1282 563 1362 periculum
586 1282 686 1343 demit.

133 1376 148 1409 *
260 1371 308 1431 Fit
325 1384 362 1431 cx
381 1373 467 1431 citrio
486 1371 585 1431 nobile
606 1369 771 1431 antidotum
789 1369 1000 1452 tussientibus,
1026 1371 1109 1451 quod

195 1460 301 1519 eximie
338 1466 444 1538 pectus
476 1468 625 1520 exonerat.
671 1458 839 1538 diaprasion
872 1458 992 1538 quidem
1027 1461 1109 1539 apud

194 1546 326 1608 medicos
358 1546 414 1607 hoc
442 1555 578 1628 vocatur,
610 1546 662 1607 sed
695 1549 820 1608 maxima
848 1550 942 1608 virtus
974 1549 1043 1609 eius
1075 1551 1148 1608 in15

195 1636 281 1695 citrio
305 1637 466 1696 constituta
490 1645 543 1696 est.
581 1635 611 1696 id
634 1639 714 1696 varie
738 1635 859 1715 quidem
879 1635 960 1715 apud
983 1637 1108 1719 multoe

194 1741 299 1783 verum
326 1723 477 1803 explorata
505 1732 535 1785 et
563 1729 682 1804 recepta
715 1725 861 1785 eiusmodi
882 1727 1109 1804 compositione

197 1813 363 1873 coniicitur.
391 1815 471 1874 citrii
491 1847 533 1856 —-
548 1829 599 1895 vr,
622 1812 767 1874 marrubii
787 1845 825 1855 —
847 1827 873 1895 1,
895 1812 1002 1892 hysopi
1024 1848 1063 1857 —
1086 1829 1109 1897 1,

196 1901 294 1963 inulae
317 1935 362 1945 —
384 1916 410 1983 1,
443 1899 624 1983 glycyrhizae
652 1915 744 1983 -1‚
776 1903 858 1963 iunci
884 1900 994 1963 radicis
1021 1936 1061 1946 —
1087 1918 1109 1986 1,

196 1989 277 2069 pulei
300 1991 336 2052 ic.
355 1991 406 2071 Vl,
429 1990 766 2072 consuetudieem,
788 1993 875 2070 pinea
898 1992 1015 2070 integra
1037 2010 1108 2074 una,
1121 2007 1148 2048 ao

195 2078 341 2157 palmulae
369 2086 465 2140 tostae
493 2095 569 2161 xm,
602 2083 715 2141 caricae
738 2093 815 2141 xxlz
846 2081 920 2141 baec
947 2083 1049 2140 omnia
1075 2083 1108 2141 in

196 2183 303 2245 aquam
330 2167 481 2228 fontanam
507 2168 707 2230 infunduntur
734 2176 765 2230 et
782 2167 838 2228 ibi
869 2167 917 2228 die
949 2186 984 2229 ac
1018 2178 1108 2230 nocte

163 2432 177 2478 1
198 2425 318 2496 deinque
333 2442 392 2496 epo:
420 2427 542 2496 deniqne
559 2429 593 2496 pl
604 2429 670 2498 (rb).
695 2429 729 2494 cs.
748 2444 772 2482 n.
792 2427 900 2483 binde.
967 2433 983 2480 2
1005 2426 1110 2482 Semen

90 2496 311 2566 praegnantibus
331 2501 359 2553 et
377 2499 396 2553 f.
419 2500 460 2555 sic
476 2499 578 2567 irrupit
595 2500 622 2554 d.
644 2501 648 2566 Ι
673 2498 752 2554 eesui
769 2514 795 2568 g.
858 2504 875 2552 4
893 2496 1027 2567 querellis
1044 2515 1071 2568 9.

90 2574 106 2621 6
128 2583 161 2622 ex
180 2585 214 2623 ee
230 2570 300 2638 yid:
320 2585 369 2624 oue
389 2572 434 2625 rb.
452 2573 455 2639 Ι
471 2568 656 2640 praesidium:
674 2569 829 2625 remedium
846 2586 870 2623 r.
925 2574 1024 2625 7—10
1042 2571 1111 2624 baec

89 2643 231 2694 contracte
249 2641 314 2696 a'nd
332 2639 433 2696 Cortex
451 2639 514 2697 citri
532 2659 569 2695 m.
584 2640 641 2710 dig.
655 2640 746 2696 benef.
765 2642 903 2710 operatur.
958 2644 975 2694 8
993 2639 1032 2694 de
1044 2639 1111 2710 ipso

90 2708 175 2785 odore
188 2711 221 2779 gl
231 2711 307 2781 (ὂψ
326 2711 387 2780 ipso
402 2712 497 2766 dolore
511 2713 557 2766 rb.
573 2713 578 2780 l
594 2711 643 2780 qui
660 2711 770 2767 modice
784 2712 830 2766 rb.
876 2717 892 2766 9
906 2709 1075 2766 beneficium
1090 2713 1109 2767 i.

126 2787 160 2836 10
184 2783 311 2837 maturae
334 2781 392 2852 dig.
415 2781 550 2838 beneficia
572 2783 617 2837 rb.
681 2789 713 2838 13
732 2781 781 2837 Fit
797 2786 845 2837 etc.
867 2781 932 2835 baec
954 2796 1006 2838 om.
1025 2784 1052 2837 d.

91 2857 125 2905 14
140 2851 294 2907 exhonerat
306 2853 348 2921 pl.
365 2856 369 2921 1
385 2853 594 2923 Di(y)epresion
608 2853 723 2923 quidem
735 2855 781 2923 pi:
800 2853 955 2920 bbuesion,
970 2853 1047 2935 qnod
1060 2855 1108 2908 rb.

124 2926 157 2976 15
181 2921 304 2978 maxime
325 2925 372 2992 pl:
401 2941 458 2979 —me
476 2925 521 2979 rb.
595 2929 628 2978 18
657 2923 819 2979 conficietur
841 2925 857 2977 i.
880 2927 884 2988 Ι
910 2921 992 2977 Ciirir
1011 2929 1056 2979 ,ἢ
1080 2942 1110 2994 g,

89 2992 164 3048 cittii
173 2995 208 3061 ῲ
219 3013 264 3050 .r1.
276 2996 299 3050 l:
315 2995 419 3065 Recipe
433 2995 523 3065 eytrei
537 2994 664 3066 (cybiir)
677 2994 791 3050 nnciam
804 3011 888 3050 unam
898 2994 943 3051 rb.
961 2996 965 3061 Ι
980 2995 1064 3065 ysopi
1073 2998 1109 3066 ql

87 3063 171 3134 (inopi
189 3067 228 3133 r),
247 3065 362 3136 hyssopi
380 3069 404 3124 b.
457 3072 489 3121 19
503 3065 599 3121 inulae
612 3083 643 3136 9:
663 3066 768 3122 enulei
786 3065 896 3135 (enulae
914 3065 970 3128 rb).
987 3067 991 3133 Ι
1007 3066 1108 3139 glycy-

86 3135 180 3191 rhizaa
199 3137 288 3205 (Ptin.
308 3137 405 3208 Auen:
423 3137 589 3208 glicyrriace
602 3153 633 3207 y,
651 3137 797 3208 glyryrece
811 3139 833 3206 l,
852 3135 1004 3207 glyciriaae
1022 3138 1069 3192 rb.

87 3212 121 3262 20
139 3207 221 3264 Pnlei
239 3215 268 3263 ὢ
286 3229 323 3264 vr.
342 3225 372 3291 p:
390 3209 479 3279 puleii
497 3213 548 3263 sei.
566 3228 604 3265 rr.
624 3210 641 3265 i.
664 3211 667 3278 Ι
690 3204 772 3263 Ruris
789 3207 891 3263 marini
909 3210 939 3262 ὦ
957 3227 986 3262 v1
1004 3209 1116 3279 9(νό)εΔ

86 3281 481 3350 om.l.tpineem1ntegrem
498 3296 585 3334 unem
603 3281 641 3349 (.1.
660 3280 690 3350 i).
726 3278 869 3335 Palmnlas
891 3280 981 3334 tostae
1000 3280 1107 3348 (metae

85 3350 211 3417 rb).xx1.
240 3350 352 3406 Carices
367 3371 431 3405 .xxr.
444 3351 553 3421 Μή).
585 3352 812 3407 eorumeorurn.
858 3355 891 3404 21
910 3349 989 3406 Heec
1003 3350 1108 3420 (Hecl)

84 3423 129 3543 bl:
147 3424 288 3549 pitaciis.
309 3424 314 3491 Ι
338 3421 369 3477 in
390 3438 464 3492 eque
486 3422 727 3493 fontanetus).
791 3427 825 3477 22
848 3420 1035 3477 infunduntur
1056 3423 1106 3492 pia

77 3519 87 3528 ·
107 3507 145 3544 ali
160 3511 196 3546 ur
210 3511 230 3548 Ι*
250 3536 257 3549 ,
