2416 3802
500 107 742 174 -185—

110 279 164 332 aut
194 289 284 352 epyro
317 278 528 352 conteruntur,
560 271 654 332 donec
686 272 717 333 in
748 271 842 331 ceroti
873 269 1019 331 lentorem

110 359 292 421 mollescant.
333 359 390 419 hoc
413 358 581 439 adpositum
600 361 669 421 vitia
688 378 778 439 supra
800 358 878 419 dicte
901 360 944 419 sic
968 377 1018 419 ou·

109 456 157 509 rat
181 467 220 509 nc
241 447 278 508 ad
301 448 415 509 ferrum
438 450 540 508 venire
562 449 700 528 patiatur.

177 535 226 598 Fit
256 554 293 597 ex
324 536 419 597 isdem
446 536 530 598 melis
562 537 685 615 ecligma
711 553 856 615 perquam
887 534 1020 614 elegans:
1066 541 1081 575 *

84 624 320 706 succoquuntnr
343 643 380 686 cx
402 627 470 685 rino
498 625 625 706 salerno,
653 643 744 686 sucus
767 641 927 704 expressus
950 642 1019 685 cnm
1090 693 1092 698 ,

110 713 197 776 melle
225 715 377 775 miscetur.
414 713 483 774 lolia
512 713 685 775 vulneribus
712 713 846 792 adposita
872 714 1018 791 impetum
1065 718 1080 751 '¹‘

110 803 237 863 fervoris
259 801 434 883 excludunt,
462 804 532 864 trita
556 821 625 864 cum
652 804 731 864 nitro
760 810 790 863 et
816 801 924 881 butyro
951 819 1019 881 par·

111 891 206 952 otides
239 899 357 971 sonant,
389 891 498 952 siccata
525 899 556 952 et
581 892 722 969 fumigata
750 889 928 952 cordonibus
957 907 1018 950 ser-

110 986 217 1060 pentes
239 980 350 1060 lugent
385 981 506 1040 corticis
525 997 616 1041 sucus
633 979 768 1042 eiusdem
786 997 881 1059 paene
900 980 1019 1039 virtutis

76 1079 100 1120 1⁰
112 1076 171 1150 est,
202 1069 261 1129 nisi
289 1067 369 1148 quod
400 1068 524 1129 adustus
551 1077 582 1128 et
612 1071 644 1129 iu
671 1068 825 1148 pulverem
857 1066 1019 1128 dissolutus

111 1158 220 1218 caratis
232 1155 406 1217 vulneribus
425 1163 459 1217 ut
476 1174 598 1217 carnem
615 1156 721 1217 reddat
737 1158 899 1236 inponitur,
932 1173 1018 1216 uram

111 1246 256 1306 iacentem
274 1263 344 1306 cum
362 1244 449 1305 melle
470 1247 619 1307 contritus
636 1245 720 1306 levat.
757 1243 930 1324 genitalium
948 1245 1019 1304 vitia
1077 1304 1081 1309 ,

112 1351 179 1394 cum
202 1335 270 1394 rino
294 1351 434 1413 aspersus
458 1334 603 1395 emendat.

175 1480 300 1537 xum
332 1482 381 1536 De
404 1480 567 1548 cydoneo.

177 1579 335 1658 [Medicina
355 1599 391 1641 ex
410 1581 572 1661 cydoneis]
611 1580 748 1662 Cydonea
765 1580 887 1661 plurimi
910 1579 1017 1641 medici
1050 1627 1080 1681 D

78 1677 100 1719 1⁵
112 1668 300 1731 eustomache
328 1668 529 1732 crediderunt.
572 1670 676 1731 eodem
698 1669 887 1731 Dioscorides
916 1677 946 1730 et
973 1668 1114 1767 diduco,

173 1846 305 1904 llolorum
333 1863 435 1922 genera
462 1856 528 1904 sunt
559 1846 658 1919 multa,
690 1854 779 1904 tamen
810 1845 864 1902 duo
893 1861 1015 1920 sapores.
1036 1850 1092 1919 (66)

112 1947 179 2006 quoe
201 1935 267 1988 sunt
288 1930 376 1988 dulcia
399 1932 442 1988 vir
465 1940 629 2006 egeruntur,
657 1929 765 2028 flegma·
776 1930 915 2002 nutriunt,
945 1929 1016 1985 fellis

111 2014 234 2072 ardorem
256 2020 388 2088 movent‚'
404 2015 557 2073 inflationes
578 2016 696 2086 iaciunt,
720 2015 782 2088 quia
796 2015 836 2070 vis
859 2013 966 2070 humida
989 2023 1017 2070 et

111 2087 208 2176 frigida
230 2107 282 2156 est.
320 2107 396 2157 cocto
419 2100 598 2158 obvolutam
621 2057 704 2156 rerinl
726 2100 817 2156 cinere
833 2097 930 2154 clruto
954 2099 1018 2154 trita

66 2185 253 2242 ²ooculcrum
276 2193 397 2241 tumores
425 2184 535 2242 tollunt
575 2184 644 2241 mala
667 2182 741 2240 acida
764 2192 867 2240 matura
891 2182 1016 2240 omuibus

109 2268 261 2340 commoda,
290 2276 318 2325 et
344 2269 413 2326 hene
441 2269 612 2344 digeruntur.
650 2277 715 2324 sunt
741 2276 770 2324 et
797 2268 914 2343 agrestia
938 2266 1016 2337 mala,

108 2354 288 2428 restringunt.
326 2361 403 2411 cocta
424 2352 494 2411 hene
517 2354 690 2429 digeruntur.
719 2369 801 2410 sucus
817 2367 912 2408 eorum
926 2351 1016 2424 suspi-

108 2438 187 2494 riosis
209 2436 332 2511 prodest.
1086 2426 1089 2433 ’

179 2610 193 2657 1
214 2618 278 2659 cero
296 2602 398 2658 tilenic
416 2603 647 2673 remolescantp,
670 2602 758 2658 ceroti
775 2602 852 2656 lento
865 2599 1054 2656 remclescant
1071 2601 1123 2669 (re-

106 2674 308 2742 mollescontl)
325 2674 358 2729 91
387 2691 410 2729 c.
428 2674 565 2730 leniorem
583 2674 751 2729 mollescunt
767 2673 824 2742 rb).
874 2671 1047 2742 41919999·
1066 2671 1122 2725 his-

107 2746 171 2802 dem
189 2745 298 2813 991191).
319 2747 324 2815 l
349 2761 381 2800 cc
452 2742 1123 2828 9·99(119999991,919919991.511999-

107 2817 230 2886 qunntur
247 2816 417 2885 (9991999)
435 2818 502 2886 9.91
525 2815 697 2885 Decoqnitur
716 2814 791 2870 enim
808 2815 853 2869 rb.
874 2817 879 2881 Ι
900 2813 1028 2883 (falerno)
1046 2813 1123 2868 mula

107 2889 171 2943 add.
191 2888 209 2941 1.
226 2888 310 2954 lcum
345 2886 1123 2955 9191999191.69111999199991(991999.9999

101 2958 353 3085 prgccedontt).o
317 3029 374 3098 W)
337 2957 393 3012 olio
406 2957 547 3084 mulctrum
558 2964 611 3083 etc9
637 2956 719 3013 Folia
736 2974 833 3081 eorurp
846 2957 893 3012 rb.
887 2954 1063 3082 ,ι1α919981ἓ91
1073 2972 1119 3025 99.

105 3029 374 3156 lutus85¹n³e¹dcdiusl>
375 3044 811 3155 bunnfflppfflneripupeppveptpp
829 3044 878 3156 telon
933 3103 966 3151 12
986 3043 1122 3153 9991111119

105 3167 1122 3324 1911111111989111(9111909110ωῶἕέ911089919911111119199111191119

105 3329 165 3382 999.
176 3312 301 3381 confuso)
314 3314 389 3367 cede
402 3313 450 3367 rb:
465 3312 540 3367 Μ9
542 3311 635 3367 cinam
645 3328 678 3367 ex
688 3311 814 3381 cydoniis
829 3308 980 3381 (cythoniie
990 3311 1016 3379 r)
1030 3309 1069 3378 pl.
1084 3326 1120 3365 m

105 3383 324 3439 stomachantur
341 3385 344 3451 Ι
361 3381 401 3452 Cy
402 3382 492 3438 donec
506 3384 570 3439 add
580 3383 619 3440 N.
664 3388 696 3437 15
711 3382 890 3438 crediderunt
903 3381 966 3436 add
976 3379 1011 3434 N
1022 3382 1121 3448 (eusto-

105 3455 207 3510 99919
218 3453 424 3524 9919991991.
438 3453 441 3523 l
453 3453 624 3509 dioscorides
633 3454 677 3509 hic
686 3454 767 3509 otiam
777 3469 823 3523 99.
833 3452 837 3524 l
849 3454 878 3508 91
886 3450 1120 3507 91199911999991
