2416 3802
483 106 702 171 „58-

236 278 323 341 aaut.
353 314 359 327 .
406 314 412 327 .
459 314 465 328 .
513 315 519 328 .
566 315 572 328 .
619 313 626 326 .
690 267 846 328 defunctos
865 265 954 327 obrui
971 274 1101 345 oportet.

237 367 324 431 31164.
352 354 570 435 vespertilionis
580 357 722 434 sanguine
738 351 807 435 <si>
821 361 1102 437 ventercontactus,

352 446 382 504 in
397 451 494 505 totum
507 462 619 505 annum
632 451 774 505 caventur
782 445 854 505 vitia
866 445 1101 505 interaneorum.

218 542 323 608 aean.
352 550 462 594 cornus
481 534 594 593 cervini
612 534 708 593 teneri
727 534 802 592 cinis
820 550 890 593 cum
907 530 1018 592 cocleis
1033 533 1102 593 afri·

352 623 434 681 canis
458 639 526 681 cum
550 628 625 682 testa
649 639 702 681 sua
725 621 800 681 tusis
823 622 932 681 mixtus
956 619 1047 682 datur
1068 623 1126 681 in⁵

263 713 278 747 *
350 711 471 787 potione
494 711 562 769 vini.
599 709 669 770 facit
697 711 806 788 optime
831 708 867 768 ad
894 707 994 768 colum
1017 711 1100 788 potio

351 798 436 858 cuius
469 798 713 877 compositionem
745 796 920 881 tradidimus
951 798 983 856 in
1013 815 1100 876 prae·

156 931 285 985 luentes
298 932 444 987 coniectus
455 948 486 1002 9,
501 934 599 987 venter
616 933 710 986 tactus
728 932 759 986 ds
787 932 916 987 confacio
934 932 1034 987 ventus
1055 932 1102 989 Pl.

84 1000 195 1069 (addidi
208 999 251 1071 si).
301 1008 319 1055 4
337 1001 442 1058 cervini
454 1003 507 1073 pb:
527 1001 602 1058 cervi
615 1003 642 1058 d.
659 1004 662 1071 1
683 1004 749 1057 hacc
761 1003 819 1059 colo
832 1003 972 1058 nudemur
984 1018 1037 1059 acc.
1054 1003 1101 1058 ΡΙ.

121 1078 137 1127 6
156 1070 235 1141 potio
254 1070 291 1127 cd
310 1072 403 1129 colum
420 1074 447 1129 d.

83 1217 297 1229 ——-..—.-.

222 1315 314 1377 actos
350 1311 432 1368 etad
460 1312 573 1385 cyathos
600 1310 669 1367 duos
697 1312 774 1385 potui
800 1310 890 1367 datur.
926 1308 1002 1365 radix
1025 1311 1102 1366 simi·

95 1384 235 1455 (mnan
247 1389 313 1455 1⁷3)·
350 1395 414 1451 liter
436 1397 557 1469 asparagi
580 1395 642 1451 trita
666 1396 743 1451 etin
766 1396 828 1450 vino
850 1395 928 1469 potui
949 1392 1012 1449 data
1031 1393 1102 1450 inm·

350 1477 446 1534 borum
470 1478 558 1535 dolori
581 1477 713 1536 medetur.
750 1473 923 1556 [cataplasma
937 1477 971 1534 ad
993 1473 1099 1556 idem]
1115 1485 1141 1526 1⁰

213 1567 313 1629 211181).
350 1563 514 1618 nasturtium
542 1578 602 1618 cum
630 1563 740 1636 polenta
767 1562 881 1634 teritur,
910 1560 1029 1618 calidum
1051 1564 1103 1619 im·

203 1641 270 1714 *(1)
349 1647 470 1719 ponitur.
509 1645 611 1703 faculae
634 1646 725 1703 viridis
753 1646 818 1704 folia
845 1647 908 1702 trita
930 1653 959 1702 et
985 1647 1014 1701 in
1039 1647 1102 1703 vino

237 1735 312 1798 2232
351 1731 433 1786 mixta
455 1737 483 1786 et
504 1731 629 1805 imposita
651 1729 763 1788 mirifice
781 1739 885 1788 sanant.
922 1730 983 1787 lana
1004 1729 1104 1788 sucida

97 1804 315 1875 (Manapin).
351 1815 379 1870 in
402 1814 463 1872 olco
485 1815 545 1889 pice
568 1814 668 1888 liquida
684 1815 816 1890 sulphure
837 1816 896 1871 vivo
919 1815 991 1870 nitro
1014 1816 1101 1872 attico

349 1898 503 1956 fervefactis
518 1901 630 1956 intincta
654 1915 735 1972 quam
750 1897 808 1956 fieri
830 1906 922 1973 potest
937 1897 1103 1956 calidissima
1116 1900 1143 1942 1⁵

212 1987 313 2054 35‚176.
350 1982 513 2140 llltllcllll
536 1985 655 2058 ponitur.
692 1982 809 2058 sulphur
834 1984 922 2040 vivum
948 1983 1102 2058 imponitur

422 2196 627 2270 (Renibus.)

214 2297 314 2359 211257.
413 2290 496 2348 Radix
514 2292 624 2350 feniculi
639 2310 701 2350 cum
717 2294 800 2349 tisana
815 2292 928 2349 decocta
942 2299 971 2348 et
991 2292 1022 2349 in
1037 2292 1101 2351 ciho

350 2376 412 2433 data
427 2393 523 2432 renum
537 2377 685 2434 densitates
700 2377 815 2449 relaxat,
838 2384 875 2433 et
888 2375 1007 2433 eiusdem
1028 2377 1102 2434 radi·

352 2462 390 2517 cis
412 2477 494 2517 sucus
510 2460 543 2517 ad
565 2462 678 2535 cyathos
701 2461 770 2518 duos
785 2462 815 2518 in
836 2462 898 2517 vino
915 2462 994 2536 potui
1016 2460 1101 2519 datus
1115 2467 1144 2508 ²⁰

201 2539 272 2613 *(1)
351 2543 510 2601 mirabiliter
535 2547 598 2602 vitia
623 2553 709 2602 sanat.
753 2547 857 2603 urticae
883 2560 976 2601 semen
1002 2547 1103 2603 tritum

85 2619 248 2688 *1111111511
259 2626 314 2677 118,
352 2645 384 2685 en
406 2629 460 2686 vini
482 2631 586 2704 cyathis
609 2629 695 2689 tribus
716 2629 828 2687 hihitur.
865 2630 1015 2685 vettonicae
1038 2630 1103 2704 pul·

84 2687 315 2755 1111313211)
352 2713 421 2769 veris
434 2712 537 2771 denarii
550 2713 605 2771 duo
617 2734 650 2773 cs
661 2715 765 2772 mulsae
773 2715 878 2790 cyathis
887 2712 976 2769 trihus
991 2711 1102 2771 febrici-

223 2801 315 2863 20‚109
352 2795 470 2854 tantihus
485 2815 545 2855 cum
562 2815 631 2873 aqua
653 2798 737 2855 calida
753 2800 942 2874 propinantur.
971 2798 1102 2874 asparagi

98 2870 315 2942 (Maf⁶·f³·¹⁷9)·
351 2881 427 2938 radix
449 2884 548 2940 teritur
562 2891 590 2940 et
611 2901 644 2941 ex
659 2899 689 2938 ea
711 2882 813 2940 denarii
836 2891 891 2938 tres
913 2897 945 2938 ex
960 2883 1015 2938 vini
1037 2899 1100 2958 oya·
1116 2883 1144 2925 ²⁵

85 2955 224 3028 (erhl).
239 2959 314 3025 l'l9)?
352 2965 407 3023 this
430 2966 517 3023 tribus
532 2969 610 3041 potui
631 2967 731 3024 dantur
754 2965 885 3043 proficue.
921 2967 1000 3024 ocimi
1014 2983 1101 3025 sucus

350 3053 458 3124 saepius
480 3049 581 3108 bibitus
603 3068 699 3110 renum
721 3053 784 3108 vitia
806 3050 931 3108 emendat
957 3092 1099 3111 .....

140 3169 172 3218 11
193 3163 330 3220 calidum:
355 3183 390 3220 ex
408 3167 487 3220 aceto
507 3165 599 3221 calido
619 3166 657 3219 M
678 3166 752 3233 (cum
769 3164 886 3234 polenta
903 3180 938 3219 ex
955 3164 1038 3220 aceto
1058 3164 1101 3220 in·

84 3233 184 3289 linitur
203 3235 269 3304 Ph).
346 3241 380 3290 15
398 3236 570 3292 ferventibus
587 3236 631 3291 his
651 3237 688 3290 M
709 3234 939 3304 (fervescentibus
960 3234 1025 3305 Pe).

86 3310 120 3360 19
143 3322 224 3362 renes
246 3324 301 3376 pur
337 3309 351 3362 t
374 3307 418 3362 Pl.
445 3307 481 3375 cf.
507 3308 596 3363 Mart.
619 3323 641 3362 c.
666 3312 713 3361 25:
740 3306 822 3361 radix
843 3306 874 3360 in
895 3304 1010 3376 ptisana
1031 3305 1103 3362 dato

85 3375 163 3432 taxat
181 3394 280 3433 renum
318 3377 474 3433 entitatem.
546 3383 580 3432 22
599 3377 736 3448 pulveris:
754 3377 840 3434 tritae
859 3377 903 3431 Μ.
975 3381 1011 3432 25
1030 3392 1058 3432 o.
1078 3396 1102 3434 s.

83 3444 115 3498 in
128 3447 196 3501 mali
212 3448 327 3517 granati
340 3449 473 3505 corticem
485 3447 563 3504 fusus
573 3449 616 3504 Μ.
