2416 3802
405 54 716 168 ⁵-s1-1

68 266 139 326 rino
161 265 335 344 imponitur.
371 265 462 345 adeps
485 268 590 346 anguis
612 269 723 329 mixtus
746 267 821 328 oleo.
884 269 922 323 ib.

68 356 215 433 anguium
241 356 317 415 einis
344 373 382 415 ex
411 354 485 415 oleo.
526 374 593 416 esse
621 374 673 417 eos
701 374 821 436 quoque
884 358 921 411 io.

69 444 256 522 praecipitur
282 442 406 504 abscisis
436 461 453 503 a
481 446 578 524 eapite
601 452 632 506 et
659 446 752 506 cauda
778 445 848 506 di·-

70 533 140 610 gitis
171 533 339 613 quaternis,
375 539 426 593 aut
458 534 590 594 cinerem
622 541 822 595 crematorum

40 619 183 680 ebibere.
224 621 327 681 fimum
355 619 558 682 columbinum
584 625 741 702 imponunt
773 622 822 682 alii
849 631 937 694 30‚38.
1053 645 1069 667 ο

70 711 162 769 mixta
185 709 280 769 farina
301 709 467 770 hordeacea
490 729 526 770 ex
553 718 637 771 aceto
661 713 731 772 aori.
768 711 820 772 tal·
883 711 920 767 io.

69 815 126 877 pae
149 797 226 858 einis
243 815 280 858 ex
300 797 387 859 melle
408 800 581 878 imponitur.
617 801 702 860 ieeur
725 799 820 879 talpae
883 798 920 853 ib·

71 885 193 966 quidam
204 887 284 946 inter
297 904 403 957 manus
417 889 580 948 contritum
598 886 821 948 circumliniunt

71 984 102 1036 et
124 973 225 1035 triduo
249 992 309 1035 non
332 973 465 1036 abluunt.
500 975 597 1056 talpae
616 979 712 1057 capita
735 994 819 1057 prae·
884 976 919 1031 ib.

26 1074 56 1114 1⁰
70 1063 213 1124 eiduntm·
236 1071 357 1124 etcum
379 1071 460 1124 terra
483 1082 499 1124 a
518 1064 604 1144 talpis
628 1073 728 1144 egesta
751 1084 819 1125 eon-

65 1149 214 1214 'teruntur
242 1159 272 1212 et
302 1155 335 1212 in
365 1152 500 1233 pastillos
535 1152 725 1232 rediguntur:
768 1157 821 1233 qui

70 1242 97 1302 si
125 1247 283 1302 serrantur
305 1243 336 1301 in
360 1247 481 1320 stagnea
507 1241 614 1321 pyxide
637 1241 727 1302 utiles
750 1250 820 1303 sunt

70 1328 107 1390 ad
121 1331 221 1390 omnia
235 1337 423 1409 apostemata.
441 1349 559 1391 vermes
568 1333 682 1391 terreni
696 1325 820 1391 totidem
847 1337 934 1401 sose.

69 1425 144 1498 quot
167 1422 298 1479 strumae
321 1425 391 1479 sunt
414 1418 524 1498 alligati
547 1437 616 1480 cum
637 1419 685 1479 his
707 1421 820 1499 pariter

27 1515 57 1556 15
70 1513 221 1569 arescunt.
262 1502 505 1586 circumligantur
537 1508 598 1569 lino
632 1527 690 1587 quo
717 1510 820 1588 vipera
847 1516 934 1578 30,4o.

69 1595 233 1677 suspendio
247 1598 345 1656 occisa
359 1604 412 1657 est.
450 1595 605 1676 milipedae
624 1599 820 1677 imponuntur
839 1595 933 1667 ¹3o‚4o.

69 1682 170 1746 addita
200 1685 317 1744 resinae
348 1692 433 1764 parte
471 1692 589 1764 quarta:
631 1703 691 1747 non
724 1685 819 1746 solum

69 1780 201 1835 strumas
220 1773 262 1833 sle
282 1775 381 1834 curari
398 1775 587 1853 praecipiunt
601 1773 654 1835 sed
672 1781 703 1834 et
721 1776 820 1834 omnia

68 1868 260 1943 apostemata.
297 1864 423 1942 axungia
447 1859 481 1943 <.
497 1911 503 1923 .
519 1859 551 1943 .>
576 1862 640 1923 calx
662 1865 728 1922 viva
750 1880 820 1921 eum
847 1870 951 1933 tatto.

29 1952 171 2013 ”resina
192 1949 304 2029 liquida
325 1950 373 2010 vel
395 1949 480 2030 adipe
499 1951 586 2012 suillo
610 1949 709 2011 addito
733 1949 818 2010 melle
846 1959 951 2022 sepse.

70 2040 195 2101 strumis
218 2038 331 2099 utiliter
354 2039 521 2100 auxiliatur.
559 2039 599 2100 iel
618 2041 755 2121 aprinum
772 2039 819 2099 rel
847 2039 1023 2115 28‚1901(om.
1042 2040 1067 2107 r)

68 2125 217 2189 bubulum
238 2126 371 2206 tepidum
398 2127 557 2189 inlinitum.
593 2128 721 2208 ungulae
744 2129 820 2189 asini
847 2137 952 2199 28‚191.

68 2216 116 2277 vel
144 2217 216 2295 equi
238 2217 314 2276 einis
342 2234 378 2276 ex
405 2234 481 2295 aqua
508 2216 554 2276 vel
582 2216 819 2277 oleoinlinitur.

68 2304 216 2366 bubulum
243 2322 345 2366 sevum
372 2322 409 2364 ex
439 2304 504 2365 oleo
531 2307 703 2385 imponitur.
741 2303 820 2364 ebuli
847 2315 952 2376 namn.

140 2527 269 2584 iedisse
288 2529 355 2598 Pl!
376 2544 436 2585 esse
453 2545 501 2584 eos
519 2544 629 2612 quoque
642 2547 669 2598 p.
684 2529 743 2598 prb
762 2527 807 2596 (of.
824 2528 894 2597 Pl.):
913 2543 974 2582 esse
989 2528 1086 2580 autem

68 2616 118 2669 eos
134 2617 164 2670 p.
181 2598 211 2655 d.
264 2605 280 2654 3
299 2599 397 2670 &gitis
414 2602 557 2670 quaternis
575 2615 626 2656 om.
646 2600 692 2656 Pl.
712 2599 771 2667 (soi
790 2597 922 2654 extremis
938 2596 1086 2668 pontibus).

105 2677 122 2726 8
141 2669 249 2725 oiroum
265 2670 370 2725 liniunt
408 2672 459 2726 rb:
477 2670 604 2726 illiniunt
620 2671 648 2726 d.
695 2669 850 2725 9triduum
864 2670 891 2723 d.
941 2674 973 2722 11
989 2667 1086 2738 pestil-

69 2742 112 2796 los
134 2741 173 2796 rb
192 2741 274 2811 (Pl.):
300 2688 415 2813 postilio
437 2758 468 2812 p,
491 2741 612 2812 postella
633 2743 660 2797 cl.
686 2743 690 2809 Ι
714 2739 774 2807 Que
797 2740 822 2795 si
840 2742 870 2808 d,
897 2740 1013 2811 quasip
1036 2742 1086 2808 (sio

69 2829 123 2882 que
142 2812 179 2882 b).
231 2818 265 2867 12
282 2812 386 2883 puxioe
399 2829 430 2883 p,
449 2812 543 2883 pixide
552 2814 579 2868 d.
600 2816 605 2880 1
625 2813 703 2868 utilis
717 2811 811 2881 (utiles
826 2813 855 2884 b,
874 2828 925 2867 om.
939 2814 1015 2881 xuni)
1033 2811 1085 2880 pb:

68 2882 153 2939 utilio
173 2884 289 2940 sune-a.
361 2890 396 2938 1'3
424 2885 603 2954 apostemate
628 2900 654 2954 p.
728 2889 762 2937 14
784 2885 851 2938 sunt
877 2884 983 2938 summe
1009 2884 1037 2938 d.
1166 2926 1177 2948 χ

70 2960 104 3010 lo
121 2952 338 3025 oiroumligeiur
354 2957 381 3010 tl.
432 2961 466 3010 1e
479 2954 634 3027 Milepede,
652 2953 812 3024 Millipeties
825 2955 844 3009 d
857 2953 1037 3025 (millepedas
1051 2955 1086 3020 b).

104 3031 139 3080 ta
154 3023 268 3083 resim
284 3025 492 3082 terebinthinae
511 3025 558 3083 Pl.
626 3031 660 3080 to
679 3025 858 3095 apostemate
875 3041 901 3094 p.
926 3025 932 3093 1
956 3025 1088 3108 Axungia

67 3095 136 3152 vivs
152 3101 202 3152 ete.
220 3097 260 3152 oio
277 3097 443 3167 optutibus
459 3098 566 3152 omissis
589 3094 725 3165 (admixta
746 3095 839 3151 forins
856 3096 1087 3152 ammentum

67 3168 162 3223 testeo
176 3166 233 3237 Pi,
252 3183 316 3223 oum
331 3169 408 3223 testa
425 3168 486 3224 vasi
503 3166 709 3223 mlsamentmii
726 3169 846 3223 oontuxe
860 3167 953 3224 Maro.
963 3185 995 3237 p.
1010 3168 1086 3235 109)=

66 3237 140 3294 Gelx
156 3238 225 3296 vive
242 3239 304 3308 (om.
316 3238 451 3323 neugio)
468 3240 535 3309 prb.
590 3245 625 3293 20
643 3238 727 3294 ouillo
739 3240 777 3294 rb
792 3239 860 3308 (Pl,
879 3239 940 3309 M)=
963 3239 1020 3294 sois
1036 3238 1098 3306 pel:

116 3315 153 3365 st
172 3308 327 3367 auxilietur
346 3310 455 3366 utiliter
472 3311 498 3366 d.
523 3313 528 3377 1
552 3308 604 3364 iel:
627 3310 674 3365 vel
691 3309 752 3366 siti.
773 3310 855 3380 (Jou)
878 3311 960 3364 evit.
983 3315 1041 3379 epp.
1089 3351 1092 3354 .

68 3386 103 3436 22
121 3385 149 3437 et
158 3380 357 3507 {iiim
370 3398 408 3452 pr
422 3382 503 3452 (Pl.):
521 3381 688 3437 bubulinum
702 3381 729 3436 d.
780 3387 813 3435 23
828 3380 875 3436 vel
889 3379 948 3435 Pl:
968 3379 999 3433 et
1014 3377 1087 3447 ρῶν.

105 3457 142 3507 24
184 3468 201 3508 e
253 3451 300 3522 ’9.

118 3553 189 3592 rnna
197 3552 296 3604 luntario
304 3555 425 3598 medicine.
937 3547 957 3595 it
