2416 3802
416 119 692 188 255-

71 284 266 366 decoquitur,
296 283 402 345 deinde
430 300 521 344 sucus
550 285 614 345 eius
644 285 822 364 exprimitur

71 381 109 455 et¹
126 375 211 453 potui
231 373 332 434 datur:
356 390 425 433 eum
444 379 528 433 erute
547 379 593 433 est
610 372 692 434 inula
710 381 822 434 terram

71 480 134 523 non
152 461 243 523 debet
264 469 395 540 tongere.
431 460 523 521 alliun
545 463 576 521 in
603 461 746 541 oxymclle
771 461 820 522 de·
849 472 937 535 20‚54.

71 558 192 612 coctum
212 550 378 611 devoretur.
414 548 501 611 betae
520 548 661 612 candidae
680 550 820 611 decoctae
849 561 936 623 1099.

39 639 255 701 ederorantur
282 656 351 700 oum
377 637 434 698 olio
462 637 564 699 crudo.
602 657 677 719 aqna
704 641 735 717 in
762 657 820 719 qua

71 727 168 806 lupini
190 728 326 788 coxerint
348 726 446 788 addite
472 734 540 787 ruta
563 735 592 788 ct
619 729 722 806 pipere
746 726 820 789 bibi·

71 822 132 876 tur.
159 814 244 876 bulbi
261 832 355 895 genus
369 823 416 876 est
434 813 528 896 scilla,
551 833 588 875 ex
602 834 662 893 quo
680 814 822 894 pusillum
849 827 953 890 nepte.

39 972 46 977 ,
71 905 180 965 tritum
202 922 272 965 cum
294 902 438 983 oxymelle
458 901 578 965 bibitur.
606 903 717 965 malum
734 907 820 983 poni·
849 915 953 979 19109.

73 1009 145 1053 cum
166 998 269 1053 tusum
287 991 444 1053 decoctum
462 1011 499 1053 ex
517 991 614 1053 tribus
637 991 766 1053 heminis
784 993 821 1054 od

25 1079 222 1141 ioheminam
249 1083 337 1141 tinias
364 1082 435 1142 eicit
464 1089 547 1159 potu.
589 1083 664 1141 acini
692 1080 819 1142 hederae
848 1091 936 1154 1497.

74 1167 159 1230 albae
192 1171 313 1230 contriti
344 1176 406 1230 tres
441 1187 477 1230 ex
504 1169 647 1248 oxymelle
680 1177 820 1248 prosunt:

69 1259 103 1319 in
134 1255 191 1318 boo
224 1259 377 1319 curatione
409 1259 547 1318 convenit
579 1265 609 1318 et
640 1259 738 1317 ventri
769 1275 821 1317 eos
900 1322 903 1326 ,

71 1345 176 1406 eadem
198 1348 313 1408 ratione
336 1345 428 1407 inlini.

137 1528 232 1585 m.
255 1527 366 1585 Ideni.

137 1644 224 1727 lieni
246 1647 307 1707 sive
326 1645 422 1728 spleni
441 1645 521 1706 solea
539 1648 630 1725 piscis
648 1647 819 1725 imponitur.
848 1657 953 1718 32,1ou.

29 1749 56 1790 xe
70 1734 152 1796 idern
165 1734 414 1814 praestateodcm
428 1734 516 1795 modo
530 1735 663 1815 torpedo.
696 1732 820 1794 rombus
883 1736 919 1790 91).

72 1841 144 1884 cum
157 1830 204 1884 est
222 1824 378 1903 impositus
400 1826 484 1884 vivus
503 1825 534 1883 in
549 1842 629 1884 mare
648 1823 819 1884 remittitur.

68 1930 147 1991 equo
161 1909 273 1972 bibitur
286 1913 318 1972 in
333 1911 501 1991 quabolera
518 1911 641 1972 decocta
652 1912 712 1970 sint
721 1907 820 1969 addito
892 1912 908 1944 *

68 2000 140 2060 sale.
168 2001 234 2061 eius
253 1992 304 2080 qui
323 2000 443 2061 cottidie
464 2002 583 2061 ieiunus
603 2017 706 2060 ervum
725 1997 821 2058 ederit
848 2005 953 2070 22‚151.

147 2195 160 2243 1
181 2187 333 2258 9191991991)
353 2188 456 2256 (Mare.
468 2205 498 2257 p.
514 2192 589 2258 200):
609 2187 742 2249 dimidios
761 2186 789 2241 d.
838 2191 854 2239 3
869 2184 953 2238 debet
970 2185 1086 2254 tongere

67 2260 155 2330 9(b):
173 2260 275 2329 tangat
288 2261 314 2314 91.
335 2261 340 2327 Ι
365 2257 395 2312 in
409 2258 565 2329 oximellip
584 2258 689 2326 (melle
708 2258 770 2326 dbt:
790 2254 820 2309 in
838 2256 917 2310 99919
935 2254 1028 2309 mulso
1042 2254 1088 2309 Pl.

107 2329 251 2385 ebibitur
266 2330 319 2400 pb:
337 2345 388 2384 om.
408 2330 434 2384 91.
503 2335 518 2382 ‘l
538 2330 614 2383 Bulli
631 2345 649 2398 9
667 2328 762 2397 (Bulbi
779 2336 812 2398 9·
836 2328 908 2396 ree).
934 2327 938 2394 1
962 2324 1088 2379 bulbi-

67 2402 109 2470 (8)
129 2399 261 2456 oximelle
274 2417 324 2455 om.
344 2402 368 2456 1).
395 2403 398 2468 Ι
423 2417 479 2469 qno
497 2416 526 2469 q:
546 2417 602 2468 que
619 2402 645 2455 91.
701 2406 718 2453 8
737 2417 800 2454 oum
824 2396 956 2452 oximelle
973 2397 1028 2465 yd:
1053 2411 1087 2449 ex

69 2473 152 2526 aceto
170 2472 200 2525 91
216 2471 300 2526 melle
315 2472 361 2526 Pl.
411 2477 426 2526 9
447 2489 480 2526 ex
497 2471 587 2525 tribus
605 2469 725 2525 beminis
740 2469 776 2524 ed
793 2467 937 2523 heminam
950 2468 989 2536 91)
1004 2466 1088 2535 (Pl.):

66 2559 112 2598 ex.
132 2548 285 2596 uincimus
309 2543 369 2612 (919)
387 2541 425 2595 991
443 2541 565 2596 eminam
583 2543 610 2597 91.
684 2547 718 2596 10
740 2540 825 2594 tiniae
847 2554 877 2608 p:
904 2537 996 2591 tineos
1014 2537 1084 2618 910(

67 2614 170 2683 potum
191 2628 218 2681 9.
303 2618 336 2666 11
361 2610 475 2667 contriti
496 2614 553 2667 tres
575 2629 610 2666 ex
632 2610 758 2666 oximelli
785 2610 834 2680 (-le
852 2610 879 2677 1))
897 2609 936 2677 91)
955 2607 1038 2676 (term
1056 2624 1088 2660 ιιι

67 2684 152 2738 coeto
170 2682 261 2738 mulso
281 2684 351 2754 Pl.):
368 2682 430 2738 triti
448 2682 478 2736 in
541 2685 570 2738 et
587 2682 717 2737 oximelle
742 2683 793 2751 (919
810 2696 871 2735 9991
894 2679 966 2748 albo)
985 2679 1017 2746 91,
1036 2678 1087 2733 919Ι

67 2754 100 2809 in
118 2759 158 2809 991
170 2770 226 2823 pro
243 2774 277 2808 ιιι
294 2759 320 2810 91
337 2755 431 2810 910999
448 2771 481 2808 eo·
499 2755 655 2809 9991991999
672 2753 815 2822 scriptoris
832 2751 957 2806 99119199
969 2753 1086 2818 propter

67 2825 142 2881 19199
159 2823 190 2879 in
208 2825 253 2893 (cf.
274 2825 411 2895 1119999.
431 2831 484 2880 200
502 2826 559 2880 tres
578 2823 692 2879 contriti
710 2823 741 2877 in
759 2821 928 2893 oxymelite).
993 2826 1025 2875 12
1045 2819 1086 2875 in-

67 2894 123 2951 lini
149 2911 180 2966 99
211 2895 350 2951 illinirib
378 2898 417 2965 (et
444 2895 536 2951 ventri
564 2894 724 2949 illiniuntur
747 2910 794 2949 999
817 2909 840 2948 e.
864 2892 977 2947 racione
1005 2892 1043 2961 91).

68 2969 112 3023 111.
131 2966 214 3022 Lieni
232 2969 262 3022 et
278 2966 369 3036 spleni
386 2983 417 3036 9,
445 2967 489 3022 Ad
507 2965 676 3036 spleneticos
695 2966 720 3020 d.
744 2965 982 3033 (1999119999).
1002 2967 1089 3018 191999

67 3054 122 3093 orn.
144 3039 181 3106 r).
254 3037 393 3093 1411991
415 3037 474 3093 sire
498 3037 590 3106 spleni
616 3037 659 3105 (91
676 3036 708 3091 iu
730 3037 789 3092 1991.
808 3036 861 3105 tit.)
879 3051 909 3104 p:
933 3051 984 3090 om.
1008 3035 1034 3089 91.

70 3115 105 3164 10
123 3109 224 3178 919191
242 3110 452 3178 (π99991919).
474 3109 552 3162 Haec
570 3109 610 3163 919
627 3106 706 3162 babet
724 3108 753 3162 b:
774 3105 883 3177 Splenis
902 3104 993 3160 dolori
1012 3104 1089 3160 soleo

22 3218 28 3231 .
88 3179 156 3234 19919
176 3180 273 3234 contre
294 3178 407 3250 ligetur.
436 3179 598 3249 Torpedorri
621 3179 650 3232 et
672 3179 803 3246 busonm,
822 3176 846 3231 91
866 3175 978 3231 vividus
996 3192 1088 3245 snper·

83 3250 89 3262 “
131 3252 179 3305 tur
200 3249 276 3306 bone
297 3250 439 3305 medicine
461 3253 517 3318 eet,
541 3249 590 3305 sed
612 3249 690 3319 prius
714 3265 801 3317 quom
823 3246 941 3302 solvitur
959 3246 990 3300 in
1011 3260 1088 3298 mere

67 3320 233 3376 remittitur.
258 3322 304 3391 (ef.
318 3322 412 3376 Mare.
423 3338 453 3390 p.
469 3324 540 3390 160).
565 3323 570 3390 Ι
594 3319 719 3390 torpedo.
738 3318 892 3374 rombnsd:
907 3315 1090 3386 torpedorum

69 3393 124 3448 bno
146 3408 166 3463 9
188 3392 234 3461 (of.
257 3393 293 3463 11).
366 3399 400 3447 10
424 3409 487 3447 cum
512 3394 553 3446 991
572 3393 619 3462 (1);
649 3408 713 3444 cum
731 3407 764 3445 eo
786 3391 835 3459 991.
909 3393 941 3441 11
962 3385 1019 3440 sint
1036 3385 1089 3455 91);

69 3464 137 3519 eunt
151 3463 178 3519 91.
225 3468 259 3519 18
274 3478 371 3518 ervum
378 3463 421 3534 991
430 3463 510 3534 (Pl.):
530 3479 624 3519 serum
639 3463 657 3518 b
677 3463 784 3533 <sorum
800 3457 953 3530 cuprinum
962 3461 1016 3512 919.
1026 3455 1104 3521 biit.
