2416 3802
468 101 688 165 -79.-

135 271 176 325 V.
198 270 255 325 Ad
276 282 394 339 panos.

133 369 321 431 Nasturtium
358 390 426 432 oum
458 373 524 451 pice
560 391 653 451 panos
686 372 815 434 discutit.
845 386 953 447 20228.

63 456 215 538 <maturis
246 456 318 538 aut>
352 461 621 521 maturescentibus
653 464 816 540 imponitur
844 474 948 537 22,143.

60 547 131 607 lens
153 566 191 608 ex
219 556 302 608 aceto
330 549 468 610 discocta.
506 568 609 610 ervum
636 568 705 610 oum
728 551 817 611 melle'
844 563 949 624 22152.

61 637 172 696 tritum
204 643 234 697 21
265 639 437 716 impositum
470 657 636 717 suppurare
668 639 815 718 prohibet.

31 724 161 803 5lnpini
184 744 221 785 ex
243 734 327 786 aceto
351 729 428 787 cocti
447 735 498 787 ant
520 730 659 788 minuunt
682 736 732 789 aut
756 747 814 789 ma·
844 740 949 802 22152.

64 820 178 874 turant.
215 814 304 874 licum
327 833 363 874 ex
387 818 455 875 vino
479 816 641 876 discoctam
665 825 694 877 21
718 825 815 877 tusam
843 829 949 892 22122.

63 904 232 980 imponunt.
259 898 396 964 'viscum
429 910 460 964 et
491 906 621 964 resinam
653 913 683 965 et
716 924 815 965 ceram
843 917 929 980 24,11.

65 993 171 1068 aequis
197 991 380 1070 ponderibus
403 995 526 1053 remissa
555 995 719 1072 imponunt.
757 994 815 1073 gal·
843 1005 929 1067 2421.

63 1078 178 1140 banum
198 1099 254 1160 per
277 1099 309 1141 se
337 1080 468 1160 prodest.
506 1082 566 1141 leni
595 1085 693 1160 graeci
721 1084 815 1143 larina
844 1094 949 1156 24‚188.

18 1181 48 1220 10
65 1186 103 1228 ex
125 1168 307 1247 hydromelle
330 1170 452 1231 decocta
471 1169 570 1230 addita
588 1174 713 1249 axungia
737 1174 813 1231 miti·

64 1264 116 1336 gat
138 1256 279 1317 dolorem.
315 1260 411 1337 aperit
432 1276 526 1337 panos
545 1277 647 1319 sevum
665 1258 814 1338 pecudum
842 1269 930 1331 2025.

65 1362 136 1405 cum
159 1345 218 1405 sale
238 1353 325 1406 tosto.
357 1346 479 1408 discutit
498 1350 634 1407 murinus
658 1349 745 1408 fimus
764 1348 813 1408 ad*
876 1348 913 1401 ib·

52 1433 128 1494 'dito
147 1436 223 1494 turis
236 1435 345 1514 polline
361 1444 391 1495 21
405 1436 576 1517 sandaraca,
594 1437 704 1497 lacerta
723 1436 815 1497 divisa
877 1437 914 1491 ib.

64 1521 169 1582 viridis
182 1524 333 1604 imposita,
355 1524 471 1584 cocleae
493 1532 577 1584 tusae
593 1527 667 1603 cinis
682 1528 814 1586 inanium
877 1524 914 1578 ib.

22 1621 51 1662 1⁵
66 1610 236 1672 coclearum
258 1631 344 1672 cerae
368 1615 492 1693 mixtus,
515 1614 602 1673 limus
626 1614 813 1675 columbinus

63 1717 121 1778 per
144 1700 241 1760 22221
261 1719 329 1761 cum
347 1701 441 1761 farina
464 1701 629 1762 hordeacea
648 1705 813 1782 impositus.
877 1701 914 1755 db-

65 1787 241 1849 echinorum
264 1797 358 1850 testae
382 1798 523 1851 contusae
546 1808 582 1850 ex
606 1809 680 1869 aqua
703 1791 813 1850 inlitae.
842 1798 947 1860 32,106.

63 1878 140 1937 oinis
175 1879 324 1938 muricum
355 1879 401 1938 221
437 1897 638 1958 purpurarum
676 1897 712 1938 ex
748 1878 813 1938 oleo
876 1877 913 1930 ib·

62 1972 165 2025 vetere
198 1968 260 2026 2122
292 1969 467 2046 incipientes
496 1966 618 2028 discutit
651 1970 711 2026 sive
745 1984 812 2027 con·
969 1968 973 1973 '

23 2063 50 2104 ²⁰
64 2062 167 2114 coctos
191 2057 293 2134 aperit.
331 2058 431 2115 cancri
453 2055 585 2116 fluviales
608 2057 670 2115 triti
694 2055 813 2115 meden-
877 2053 913 2106 ib.

62 2150 122 2203 tur.
165 2142 341 2204 salsamenta
368 2151 452 2204 cocta
483 2152 512 2204 et
544 2146 690 2223 imposita.
733 2151 814 2204 creta
877 2142 914 2194 11.

64 2230 182 2291 cimolia
219 2233 289 2293 trita
325 2249 360 2292 ex
397 2241 480 2293 aceto
518 2233 645 2293 cohibet.
691 2235 813 2292 ursinus
842 2237 947 2301 35,195.

64 2322 186 2398 sanguis
209 2320 345 2401 discutit,
372 2323 444 2381 item
471 2324 609 2381 taurinus
632 2321 733 2381 aridus
762 2323 813 2380 tri·
843 2326 947 2390 22211.

63 2416 121 2469 tus.
159 2409 287 2487 ungulae
312 2412 436 2488 equinae
461 2412 535 2471 cinis
560 2428 628 2470 cum
650 2409 731 2489 oleo,
759 2408 812 2469 bu·
877 2409 914 2461 11.

26 2505 50 2544 ²⁵
63 2495 153 2558 bulus
177 2493 341 2577 (sangnis)
365 2497 508 2559 inlinitur.
544 2500 646 2559 simum
665 2498 815 2558 hircinum
878 2496 914 2550 11.

134 2668 177 2725 tit.
196 2667 242 2721 Ad
260 2684 347 2738 ponas
365 2686 434 2738 quas
452 2669 598 2738 paniculas
616 2687 667 2725 nos
690 2669 809 2723 dicimus
827 2684 857 2737 9,
880 2663 925 2719 Ad
943 2679 1031 2734 panas
1050 2667 1085 2720 et

61 2737 210 2808 paniculas
228 2738 255 2793 21.
302 2745 424 2809 ipanus
442 2741 532 2809 92121.
579 2728 932 2806 2221222221022921.
976 2741 1003 2819 .3
1022 2736 1079 2790 dis-

61 2811 147 2864 cocta
164 2826 195 2880 9:
214 2809 331 2864 decocta
348 2812 397 2880 21,
424 2811 542 2866 discutit
573 2813 633 2879 (2211
655 2828 725 2866 2222.
743 2826 881 2880 suprascr.
902 2810 1007 2878 coquit)
1030 2809 1084 2862 212--

61 2897 126 2936 22222
144 2881 171 2936 21.
197 2880 202 2951 Ι
227 2897 324 2935 ervum
342 2882 409 2950 (Pa,
429 2882 472 2936 M.
488 2899 517 2952 9.
538 2885 613 2951 224);
638 2900 716 2937 erum
733 2898 764 2951 9,
787 2883 891 2934 Acrum
909 2880 929 2933 21
953 2878 1080 2950 (ipsaque

62 2983 97 2992 -
120 2951 366 3007 221222-20212
395 2953 490 3022 2121,
520 2954 707 3021 2211212122
729 2953 813 3008 1121222
839 2951 940 3005 rectius
963 2952 1079 3020 ervum).

98 3029 115 3079 8
135 3021 284 3078 remissum
301 3040 331 3094 9,
355 3023 536 3093 remissamd
563 3024 623 3092 (om.
642 3025 697 3094 21).
770 3021 864 3077 91221
881 3020 976 3091 graeci
999 3021 1086 3091 (Pide

60 3093 181 3150 feniculi
198 3094 288 3163 92121.
344 3101 376 3148 11
396 3111 485 3164 panas
503 3096 592 3164 92121.
644 3101 678 3150 15
698 3111 777 3149 cerae
793 3094 829 3148 21
849 3092 930 3161 (Pl.):
951 3108 1015 3146 ocra
1032 3093 1083 3163 921.

100 3171 134 3219 17
158 3165 349 3221 Aoohinorum
370 3183 395 3235 9.
469 3172 501 3220 19
521 3167 670 3222 concoctos
693 3166 777 3233 (Pin
805 3164 953 3219 concoctos
971 3179 1001 3233 9,
1025 3180 1082 3217 non

60 3239 160 3292 222102
189 3237 214 3291 21.
266 3236 472 3292 201221211122
499 3238 544 3292 Pl.
594 3242 629 3292 22
654 3236 828 3304 2112201129.
855 3237 859 3302 l
886 3234 1000 3289 cohibet
1021 3233 1081 3301 921

62 3308 108 3364 Μ.
122 3324 151 3376 p.
167 3312 221 3362 224
239 3308 320 3376 (Ρ1.);
339 3308 470 3378 prohibet
488 3309 507 3364 21
525 3309 567 3378 (ut
584 3324 672 3378 222922
682 3325 711 3376 p.
728 3310 825 3376 1823).
872 3312 905 3360 23
924 3305 1000 3358 idem
1018 3302 1068 3384 21..

62 3385 100 3434 24
178 3377 248 3432 21012
267 3396 330 3434 oum
353 3378 434 3449 (Onm
453 3381 481 3448 21)
502 3380 563 3435 0122
580 3379 702 3434 bubulus
724 3377 885 3447 (bobolinus
903 3377 932 3444 d)
955 3373 1081 3442 inmun-

60 3449 160 3519 122921
174 3449 299 3520 (sangnis
312 3451 441 3521 22212121).
461 3455 494 3505 25
504 3451 585 3506 timus
594 3445 1095 3512 hircinus...deoostusdaltl·nnnut.
