2416 3802
502 39 745 81 *tvt-

109 178 189 240 bari.
224 178 324 239 audito
347 195 383 237 eo
407 177 585 240 feminarum
608 177 755 240 secundas
772 181 890 241 evocari
910 178 1021 258 Hippo-

111 274 212 328 crates
229 273 334 328 auctor
352 271 407 326 est.
435 268 609 346 suspiriosis
622 265 743 345 quidem
761 284 816 346 per
835 286 867 328 se
887 267 1022 348 crudum,

111 355 207 434 aliqui
228 362 259 416 et
277 371 345 416 cum
362 353 439 415 lacte
458 358 563 417 tritum
582 355 738 417 dederunt.
775 354 893 417 Diocles
915 355 1021 437 hydro·

110 444 190 524 picis
213 460 283 504 cum
305 449 465 504 centaureo
484 445 612 505 miscuit.
644 443 724 505 idem
742 445 895 505 freneticis
914 445 1023 506 elixum

84 531 205 593 adedo
240 530 423 610 Praxagoras
447 532 503 594 alio
526 535 568 593 ita
591 551 665 594 usus
688 540 735 594 est
758 540 862 594 contra
885 533 1023 594 morbum

112 623 230 700 regium
261 621 293 681 in
324 621 446 700 potione
473 623 541 681 vini.
588 620 681 682 viride
715 639 782 683 curn
815 620 966 682 coiiandro
994 628 1025 681 et

112 711 170 770 fico
203 708 304 770 datum
339 708 437 769 alvum
468 709 584 770 mollire
616 709 800 789 perhibetur.
852 711 958 771 tussim
994 717 1025 770 et

112 798 330 878 suspicationes
348 800 479 876 pectoris
494 799 609 877 mitigat
628 800 659 858 in
678 797 744 859 saba
760 806 886 861 coctum.
915 797 1026 859 elixum

111 886 290 966 inditumque
301 885 486 966 temporibus
496 886 592 947 dolori
602 889 708 966 capitis
717 887 889 967 opitulatur.
909 888 1027 948 aurium

78 986 100 1027 ¹⁰
112 974 268 1036 doloribus
296 992 386 1035 sucus
414 993 483 1036 cum
506 973 591 1055 adipe
621 977 760 1037 anserino
788 977 955 1056 tepefactus
981 977 1026 1035 in·

113 1063 258 1126 funditur.
301 1065 476 1125 raucitatem
503 1067 585 1125 vocis
613 1062 751 1125 emendat
773 1066 804 1124 in
827 1066 893 1144 piso
917 1071 968 1125 aut
995 1065 1026 1123 in

113 1151 181 1213 iuba
208 1158 377 1233 sumptum,
409 1159 440 1213 et
467 1152 547 1232 quod
579 1152 616 1213 ad
642 1170 746 1214 vocem
774 1155 880 1214 attinet
909 1159 1027 1213 coctum

113 1239 222 1323 crudo,
244 1239 356 1301 elixum
379 1241 459 1301 sicco
482 1241 587 1303 utilius
611 1243 805 1302 existimatur.
834 1248 969 1302 tenesmo
989 1258 1027 1301 ex

112 1326 196 1410 pulte
220 1335 339 1390 coctum
363 1328 507 1391 medetur.
544 1339 678 1391 tumores
701 1336 858 1408 suspectos
881 1347 918 1390 ex
941 1328 1026 1407 adipe
1107 1403 1109 1406 .

78 1426 103 1468 1⁸
117 1417 260 1480 dissolvit.
464 1430 468 1435 ·

198 1629 287 1687 Alium
309 1629 428 1688 calidum
450 1640 492 1687 est
515 1637 544 1686 et
566 1629 675 1688 deducit
696 1639 724 1688 et
746 1631 888 1707 mingitur.
926 1646 1026 1703 corpo·
1045 1634 1101 1703 (16)

114 1714 188 1772 ribus
212 1713 321 1788 quidem
342 1713 447 1771 bonum
469 1721 527 1785 est,
550 1715 637 1771 oculis
659 1732 723 1771 vero
738 1718 932 1789 perniciosum.
970 1731 1027 1770 mo-

114 1808 159 1856 vet
181 1799 253 1856 enim
276 1808 397 1855 ventrem
422 1807 450 1855 et
472 1797 583 1856 deducit
604 1799 631 1855 id
654 1798 729 1874 quod
756 1800 906 1869 invenerit,
934 1797 1029 1854 simul·

115 1899 170 1959 que
195 1889 223 1940 et
248 1883 353 1939 urinam
380 1890 487 1940 movet.
525 1883 612 1941 oculis
641 1883 783 1958 caliginem
812 1882 883 1939 iacit.
918 1889 1027 1938 coctum

80 1965 205 2025 ”nmen
225 1967 373 2024 invalidum
395 1975 445 2024 est
483 1967 561 2024 indat
584 1974 673 2024 autem
695 1966 786 2023 calore
808 1983 858 2023 suo
881 1974 909 2023 et
931 1973 1028 2022 ventos

114 2060 216 2110 moret.
246 2051 406 2108 feminarum
422 2055 556 2109 secundas
571 2055 675 2109 evocat.
710 2061 809 2127 potum
832 2051 943 2108 euvino
966 2066 1027 2106 cum

113 2138 208 2213 pipere
231 2137 325 2192 tritum
347 2135 473 2193 ictericos
494 2145 580 2194 curat.
624 2136 794 2193 stomachum
809 2135 901 2192 laedit.
940 2135 1028 2208 spicas

112 2229 170 2277 tres
198 2237 259 2278 oum
281 2220 366 2276 lasare
388 2227 436 2276 aut
457 2236 518 2278 cum
546 2221 640 2295 pipere
670 2219 731 2276 albo
761 2221 938 2294 quartanariis
965 2217 1029 2274 dato

114 2320 176 2362 cum
186 2306 250 2362 rino
261 2312 323 2361 aute
338 2305 532 2362 accessionem.
558 2306 653 2362 tritum
665 2322 726 2362 oum
742 2304 798 2361 saie
813 2305 917 2360 morsui
932 2302 1028 2360 canino

80 2390 103 2432 ²⁶
114 2390 218 2446 recenti
239 2389 389 2464 inponitur.
418 2390 516 2446 tritum
533 2406 594 2446 cum
608 2390 671 2447 vino
688 2394 774 2445 tineas
790 2389 891 2445 ventris
914 2393 942 2442 et
960 2384 1030 2442 ium·

114 2473 207 2531 inicos
229 2473 356 2532 excludit.

118 2591 332 2600 ——-

185 2733 200 2781 1
219 2726 326 2783 suffito:
344 2728 442 2783 suffitu
460 2728 537 2783 Peto.
553 2727 696 2799 1191991)
714 2728 844 2798 poenates
861 2727 909 2796 91.
965 2730 981 2779 3
1001 2723 1138 2779 dedorunt

136 2799 160 2853 lc
183 2798 285 2854 dedere
302 2799 347 2854 rb.
369 2799 374 2866 Ι
397 2797 540 2869 ydropicia
557 2800 597 2868 91.
657 2805 675 2852 4
693 2801 844 2854 centaureo
861 2797 971 2867 9(Ρ1.)ε
996 2811 1057 2850 rea
1074 2795 1135 2851 irb.

130 2868 288 2925 freneticis:
315 2871 494 2940 9199191111
510 2869 645 2954 caepas
658 2885 712 2940 pro
729 2869 789 2939 ph).
848 2867 989 2937 oaliop:
1018 2865 1136 2922 aliiolb

113 2941 159 3010 (eo
169 2943 204 3009 r).
221 2943 225 3008 Ι
240 2939 456 3011 iteponere.
494 2939 644 2996 trindcm
656 2957 683 3011 9.
699 2944 704 3010 Ι
720 2939 863 2996 coliandro
872 2941 919 3009 91:
934 2936 1136 2994 conandrord.

151 3017 167 3066 ’1
185 3011 241 3066 dieo
258 3028 288 3081 p:
311 3011 366 3066 ficu
383 3013 446 3066 lrb.
507 3017 524 3068 8
548 3011 749 3082 suspicationes
770 3013 815 3080 pl:
839 3027 917 3065 mem
934 3010 971 3064 rb
990 3009 1137 3078 (suppura-

112 3080 208 3137 tiones
227 3082 293 3150 Pa).
348 3082 500 3137 ainlitum
522 3099 552 3164 9:
575 3082 712 3138 illinitum
730 3084 790 3139 irb.
853 3088 887 3136 11
906 3079 1086 3136 Raucitatom
1103 3080 1138 3147 91

115 3150 199 3222 (Ρ1.)ε
218 3149 407 3208 liancedinem
417 3154 463 3208 rb.
480 3156 485 3222 Ι
500 3170 575 3222 prao:
593 3152 656 3223 pisa
666 3154 730 3222 tro,
743 3153 807 3223 ipsa
820 3168 845 3222 9.
862 3154 866 3223 i
883 3154 933 3206 aut
946 3152 976 3205 in
989 3151 1057 3205 faba
1069 3151 1136 3219 9υ1ι

113 3224 810 3294 9911919911911199111191999919919119).
856 3229 890 3277 12
910 3222 947 3277 ad
965 3219 1137 3291 9199191-

114 3292 189 3350 tinet
206 3297 254 3419 {A
275 3295 378 3420 alttitnet
396 3296 575 3420 aiuttozoctum
594 3297 644 3349 ant
665 3294 782 3350 crudum
801 3296 819 3351 1.
888 3292 1099 3349 13.Theneamo
1118 3292 1136 3348 1.

154 3370 187 3420 11
227 3364 444 3421 issori2sovi
487 3408 492 3420 .
