2416 3802
445 219 687 284 -159-

134 421 233 480 XXV.
256 425 305 480 De
328 423 489 480 feniculo.
917 432 920 439 ·
979 412 1071 550 2553.

133 539 257 603 Calidam
280 544 340 603 vim
362 543 491 604 ieniculo
514 546 633 604 insitam
652 561 712 603 non
735 551 835 604 tamen
858 542 968 622 simpli·
1001 560 1043 609 os.

62 633 131 689 em
151 630 203 692 sed
222 632 272 693 oui
290 633 380 693 etiam
398 633 556 694 austeritas
575 634 666 693 mixta
684 633 724 693 sit
746 639 851 711 gustus
870 638 968 692 osten·
988 641 1064 711 (Get.

62 707 121 799 lit,
147 727 177 780 et
204 718 298 781 multa
324 728 479 801 praeterea
506 739 560 800 per
587 739 662 800 qnae
691 719 737 780 vel
764 718 895 780 solvendi
922 719 969 779 nel
1000 725 1044 773 111,

62 807 242 869 txtenuandi
268 808 315 871 vel
341 811 429 871 etiam
458 802 588 871 siccandi
615 809 754 889 exprimit
782 815 968 889 potestatem.
988 787 1060 854 ⁸⁸3>

62 896 203 958 traditum
226 898 258 958 in
283 896 369 958 libris
392 906 422 959 et
450 907 605 978 serpentes
633 915 761 959 annuam
784 905 970 959 senectutem

62 975 184 1046 lenierit
213 988 380 1065 gustatione
404 985 553 1066 deponere
578 995 607 1048 et
633 985 789 1047 oculorum
813 985 969 1065 caliginem

65 1083 134 1134 suco
158 1076 223 1135 eins
246 1075 420 1136 excludere:
449 1076 528 1136 unde
555 1074 686 1154 intellegi
714 1074 815 1136 datum
838 1081 885 1135 est
906 1092 968 1134 eas-

68 1153 129 1223 dem
152 1165 280 1224 virtutes
302 1170 333 1224 et
351 1163 530 1243 corporibus
547 1163 685 1225 humanis
703 1163 792 1224 utiles
810 1181 891 1246 esse,
913 1164 969 1223 sic·
992 1179 1000 1184 ··

70 1251 110 1311 uti
128 1261 236 1332 postea
257 1254 460 1332 experimenta
483 1253 660 1314 docuerunt
693 1270 785 1313 sucus
807 1270 879 1331 ergo
898 1269 968 1312 oum

62 1339 150 1401 *nette
183 1343 278 1403 attico·
305 1343 416 1403 rnixtus
453 1343 682 1402 vetustissimam
714 1340 784 1402 lieet
812 1340 969 1418 caliginem

75 1423 194 1491 discutit.
231 1428 355 1491 auribus
381 1429 550 1510 purulentis
573 1430 653 1491 idem
675 1447 767 1491 sucus
789 1427 968 1491 infunditur.

75 1517 241 1579 vermiculos
262 1521 354 1580 etiam
375 1521 428 1597 qui
453 1521 485 1579 in
513 1518 608 1580 isdem
630 1525 796 1580 nascuntur
818 1517 969 1579 interficit.

76 1605 146 1667 radix
164 1608 196 1667 in
214 1609 329 1686 ptisam
344 1607 411 1669 data
428 1606 505 1669 laxat
518 1625 625 1669 renum
643 1607 829 1670 densitatem.
861 1606 969 1686 hydro·

76 1693 139 1768 picis
164 1714 202 1756 ex
229 1698 298 1757 vino
325 1696 392 1758 data
420 1698 577 1758 succurrit.
620 1705 739 1757 veretro
765 1693 970 1756 laborantibus

62 1784 105 1841 lex
120 1786 186 1846 vino
205 1792 290 1846 cocta
312 1785 477 1848 lomentum
499 1803 644 1864 perquam
662 1784 734 1845 utile
753 1783 968 1845 subministrat.

78 1867 127 1946 ipsa
149 1891 218 1934 cum
241 1873 306 1934 oleo
330 1876 400 1934 trita
418 1873 515 1935 eidem
534 1891 639 1934 causae
658 1872 803 1933 medetur.
835 1878 969 1932 tumeres

79 1964 101 2018 e
111 1978 182 2040 quae
201 1963 263 2023 ictu
277 1962 323 2022 vel
343 1964 499 2042 repentina
512 1962 714 2042 indignatione
733 1967 880 2021 commota
897 1965 969 2021 sunt

79 2041 133 2110 folia
153 2069 190 2111 ex
213 2057 297 2111 aceto
316 2053 386 2112 trita
409 2049 582 2112 dissolvunt.
617 2049 772 2111 adversum
790 2052 869 2110 ictus
888 2065 968 2109 scor-

79 2196 277 2218 ῃ..-

128 2263 282 2322 lleniculum
308 2263 420 2321 calidam
444 2265 570 2320 virtutem
598 2261 679 2320 habet
701 2264 824 2335 insitam,
850 2277 904 2318 non
928 2270 967 2317 ta·
987 2265 1046 2332 (tt)

62 2338 128 2402 luen
150 2348 299 2423 simplicem
326 2348 374 2405 sed
400 2348 443 2405 cul
470 2348 549 2404 etiam
577 2349 722 2405 austeritas
750 2349 831 2403 mixta
858 2347 910 2420 sit,
939 2353 969 2400 ut

79 2438 160 2495 tostus
184 2433 304 2490 ostendit
326 2442 354 2490 et
375 2432 460 2489 multa
487 2442 626 2507 praeterea
647 2449 698 2507 per
719 2448 788 2506 qnae
811 2429 919 2488 eluendi
942 2437 969 2485 et

78 2516 226 2574 extendendi
246 2517 288 2574 vel
311 2518 392 2575 etiam
411 2516 564 2574 desiccandi
586 2516 666 2573 habet
688 2524 861 2592 potestatem.
904 2529 969 2571 ocu·

77 2585 152 2658 lirum
177 2601 289 2658 vulnera
316 2609 344 2658 et
370 2601 509 2658 cicatrices
537 2610 623 2658 curat.
666 2602 725 2658 suci
752 2600 880 2657 loliorum
908 2599 968 2655 eius

78 2688 154 2747 imo
176 2684 244 2744 duas
265 2686 353 2743 mellis
375 2687 469 2760 acapai
489 2693 593 2760 partem
610 2701 688 2742 unam
703 2684 784 2742 simul
806 2685 919 2741 misceto
941 2688 970 2739 et

62 2759 185 2840 lltpldum
207 2770 293 2828 oculis
314 2770 462 2828 intendito.
497 2769 586 2827 radice
609 2771 667 2827 eius
688 2771 718 2827 in
739 2785 807 2844 aqua
829 2775 906 2825 cocta
928 2765 970 2822 lo·

78 2857 127 2911 teto
146 2855 322 2931 cellgimntes
345 2854 447 2913 oculos.
485 2872 579 2912 sucum
602 2856 660 2912 eius
682 2853 794 2911 infunde
816 2855 844 2909 in
866 2852 969 2908 aurium

79 2960 277 2982 N*-

134 3076 175 3130 tit.
194 3092 307 3145 muro
326 3076 361 3143 (et
378 3076 418 3130 sic
435 3077 516 3130 etiam
533 3078 569 3145 o).
615 3075 733 3130 letiam
752 3076 792 3142 (et
805 3075 826 3143 l)
845 3071 994 3127 austeritas
1011 3071 1079 3140 ool:

76 3145 379 3202 tnsioritesetiemrd.
401 3147 405 3215 Ι
429 3146 601 3216 mixlayol:
629 3146 755 3202 admixta
776 3145 821 3201 rb.
892 3141 1077 3198 smedisum

73 3217 128 3281 ool:
150 3216 342 3288 traditumque
360 3218 405 3273 rb.
426 3219 430 3286 Ι
454 3217 582 3273 inlibris
601 3219 647 3286 (oc.
668 3217 760 3271 Pttoti
777 3216 938 3286 contest).
994 3218 1008 3266 t
1029 3211 1078 3265 da·

73 3285 289 3345 nocenti.
344 3288 508 3344 8lrumenis
525 3289 591 3359 ool:
610 3305 661 3346 om.
680 3285 832 3357 rb.lntile
848 3283 1040 3357 sennensi.

72 3358 254 3416 ldocuomnt
271 3361 336 3429 (ei)
353 3376 405 3429 qo:
424 3360 543 3415 docuere
560 3361 645 3430 rod).
667 3363 671 3427 Ι
693 3375 759 3429 ergo
777 3359 843 3427 ool:
867 3373 935 3426 ergo
953 3353 1013 3409 eius
1031 3353 1079 3407 rb.
1185 3343 1187 3349 ’

99 3435 133 3487 12
155 3428 260 3487 isdem:
286 3429 396 3487 hisdem
419 3432 547 3502 oeldo).
619 3438 652 3486 13
675 3429 769 3485 tisana
789 3446 828 3499 oc
856 3426 1022 3498 (tysanae).

68 3507 98 3558 14
114 3500 188 3559 dale
200 3519 231 3573 με
255 3503 325 3574 pote
342 3501 449 3572 citro).
469 3505 474 3572 1
495 3501 612 3560 Veretro
633 3503 699 3577 ocis
718 3501 848 3558 lletsrno
865 3499 917 3555 rt).
976 3502 1017 3549 aa
1029 3507 1095 3544 xse-

65 3572 203 3642 soture.
257 3578 293 3628 18
308 3573 450 3649 Adversus
470 3577 488 3632 l.
