2416 3802
558 117 790 180 -82-‘

338 290 354 322 *
427 281 495 342 lolia
519 286 716 341 conteruntur
739 284 769 337 et
798 278 889 337 mixta
912 292 981 336 eum
1005 274 1089 336 13333
1112 292 1169 335 eer-

423 373 503 431 visae
527 386 618 447 super
641 367 748 426 additis
771 366 849 426 loliis
872 364 1008 425 eiusdem
1035 361 1119 424 ebuli
1142 364 1169 423 in

424 458 547 520 linteolo
571 457 736 535 alligantur.

489 659 565 714 VII.
588 658 643 713 Ad
664 645 895 712 furunculos(

293 790 398 854 30‚108.
492 777 568 837 Fimi
582 775 735 855 gallinacei
748 775 778 836 id
793 774 873 854 quod
892 775 995 835 rusum
1009 782 1057 835 est
1070 789 1168 835 recens

325 872 362 925 ib.
426 865 561 926 inlinitur
584 883 620 925 ex
643 872 736 926 aceto.
772 862 956 924 ventriculus
983 864 1117 924 ciconiae
1136 868 1187 921 331

325 959 362 1014 ib.
426 955 494 1014 vino
517 953 659 1014 decoctus
681 952 825 1015 inlinitur.
853 969 972 1012 muscae
996 952 1105 1031 impari
1121 966 1167 1010 nu·

326 1046 362 1099 ib.
426 1061 509 1103 mero
533 1042 711 1102 infricantur
725 1040 825 1119 -digitc
843 1040 973 1100 minimo.
1012 1040 1118 1101 sordes
1137 1053 1168 1098 cx

326 1135 363 1188 ib.
427 1130 568 1192 auriculis
590 1129 715 1210 pecudis
737 1128 912 1190 inlinuntur.
949 1145 1055 1189 sevum
1076 1127 1168 1189 arietis

428 1238 498 1281 cum
520 1220 614 1279 farina
635 1219 765 1298 pumicis
789 1224 819 1278 et
841 1215 911 1278 salis
938 1217 1042 1296 aequis
1065 1216 1167 1297 portio·

295 1320 399 1385 31,113.
428 1308 525 1369 nibus.
557 1309 671 1369 nitrum
690 1324 758 1368 cum
776 1307 876 1379 resina
894 1306 1020 1366 mixtum
1039 1303 1168 1367 extrahit
1179 1310 1196 1350 1⁰

179 1406 277 1469 33133
296 1402 357 1469 (om.
375 1402 400 1468 3)
428 1398 609 1457 nasturtium
627 1403 730 1456 tusum
751 1413 820 1455 cum
842 1393 989 1456 fermento
1009 1393 1170 1473 concoquit.

296 1496 400 1560 33933.
429 1501 535 1545 novem
561 1486 661 1563 granis
692 1483 798 1544 hordei
828 1484 854 1544 si
885 1484 952 1562 quis
983 1481 1171 1545 furunculum

430 1571 633 1634 circumducat
647 1571 772 1651 singulis
786 1589 876 1632 manu
890 1571 1012 1632 sinistra
1030 1579 1063 1632 et
1080 1570 1172 1633 omnio

305 1673 401 1736 33,133
429 1663 461 1723 in
492 1663 592 1740 ignem
624 1662 744 1742 coiciat,
776 1660 933 1721 confestim
965 1668 1059 1721 sanat.
1103 1659 1172 1721 ficus

297 1745 358 1813 (0m
376 1746 402 1813 a)
430 1751 526 1810 siccae
541 1749 681 1810 decoctae
696 1768 732 1810 ex
746 1751 814 1810 vino
829 1756 860 1810 et
872 1749 960 1809 tritae
974 1750 1172 1828 imponuntur
1183 1750 1200 1793 1⁵

199 1847 233 1895 34
235 1847 276 1910 31
297 1843 359 1911 (om.
378 1843 402 1909 3)
430 1837 588 1918 galbanum
610 1856 665 1916 per
679 1855 719 1898 se.
748 1855 852 1898 sevum
869 1834 1016 1899 bubulum
1029 1855 1101 1899 cum
1117 1834 1174 1898 sale

297 1917 401 1982 28234.
430 1930 606 2008 imponitur,
630 1933 682 1987 aut
703 1928 730 1987 si
751 1925 836 1987 dolor
855 1927 894 1986 sit
912 1927 977 1987 sine
1001 1924 1063 1987 sale
1085 1925 1174 2005 liqn-

329 2019 366 2072 tc.
430 2024 480 2076 tur
504 2034 573 2076 cum
595 2015 669 2076 oleo.
707 2014 797 2076 simili
819 2014 907 2075 modo
930 2015 1001 2077 iacit
1023 2016 1176 2095 caprinum

342 2109 357 2142 *
392 2162 399 2172 ,
431 2120 543 2164 sevum.
579 2102 692 2164 limacis
716 2104 792 2163 einis
815 2120 955 2182 aspersus
976 2110 1096 2183 purgat.

496 2303 589 2359 vm
611 2303 667 2359 Ad
689 2303 947 2359 carbunculum.

298 2434 402 2497 33133.
497 2421 599 2481 Fimus
622 2420 810 2482 columbinus
833 2439 903 2482 cum
929 2420 983 2481 lini
1005 2423 1121 2482 semine
1143 2430 1207 2481 333

298 2522 411 2585 33137.1
431 2517 514 2570 aceto
533 2509 629 2571 mulso
648 2511 819 2589 imponitur.
855 2509 1016 2571 mullorum
1034 2509 1179 2572 salsorum

166 2613 271 2675 20‚141.
300 2610 404 2673 33133.
433 2600 508 2658 cinis
539 2598 670 2677 prodest.
713 2604 781 2658 ruta
813 2616 849 2658 ex
876 2606 960 2659 aceto
1002 2600 1082 2660 trita
1119 2598 1179 2660 orvi

181 2782 185 2789 Α
239 2821 362 2876 1331313
379 2822 685 2891 3133333111333
703 2818 1178 2904 333331393111113111333331311

166 2892 336 3018 cgffisfllffi
337 2891 692 3048 fflffrrbefflprapbpp
704 2891 770 3018 pipp
778 2889 859 3018 31133111
852 2892 1103 3021 matallascum?
1100 2892 1179 3019 ἐξ
1151 2978 1178 3033 9

166 2980 247 3091 girl.
311 3035 631 3106 iminimodigiiod
656 3033 919 3116 133131333931313
946 3033 1129 3091 333331133Ρί

166 3105 361 3160 811113133133
378 3108 445 3164 3131.
492 3105 630 3161 91331333
653 3103 745 3160 cinere
760 3105 806 3160 Pl.
822 3049 1011 3175 1933131393
1029 3104 1181 3189 pomioiul

165 3175 1180 3260 (9333331331>131331139(Ρ1.)33313131.1133333931(Ρ1)

165 3247 353 3390 11111111
355 3247 675 3399 millitia
691 3246 1041 3403 1113131111
1052 3262 1182 3389 tm

164 3393 210 3444 ter
224 3391 270 3445 Pl
284 3391 319 3456 cs.
335 3391 466 3460 Morcp
468 3395 542 3446 336
555 3391 619 3459 oa)
637 3388 764 3444 etiomd
811 3389 1007 3460 14331313193
1021 3389 1183 3447 3331333131.

192 3467 227 3512 31
246 3461 404 3517 Mullorum
423 3461 477 3519 do:
497 3460 680 3530 3331333339
704 3459 915 3529 1331333331.
