2416 3802
484 108 630 165 XXIIII.
654 104 862 176 sommam
883 101 1119 161 mmienttbuu.

280 244 385 308 ababa.
481 227 513 287 si
534 244 569 287 ex
588 226 646 286 alte
664 223 850 304 praecipitati
871 229 955 303 sunt,
976 220 1159 285 millefolium

414 317 502 378 datur
524 313 687 376 bibendum
714 331 751 373 ex
778 319 870 373 aceto.
907 318 1036 391 cruenta
1063 326 1158 371 exere

299 422 386 483 2000.
414 404 533 466 antibus
556 404 687 482 quinque
715 417 840 461 ovorum
867 398 995 461 modiola
1018 398 1159 461 emdaiu

307 510 391 573 2000,
414 495 474 554 uiuri
501 493 620 553 hemina
646 491 851 569 propinantur.
893 490 919 549 si
946 494 978 549 et
1004 486 1159 569 purulenta

283 581 344 650 (om.
359 581 385 649 r)
415 583 475 643 siut
502 580 607 641 eodem
639 587 786 659 tempore,
818 594 907 639 orum
936 576 1083 659 crudum,
1096 582 1171 639 cuu⁵

414 672 479 750 pari
511 686 650 731 mensura
682 668 765 747 porri
797 667 902 727 sectivi
932 667 999 726 suci
1031 668 1157 745 Itemque

299 775 386 838 3044.
414 759 514 838 graeci
542 756 637 818 mellis
665 754 839 817 calefactum
865 754 1012 815 hauritur.
1049 752 1089 815 all
1105 770 1157 815 ex·

415 848 598 907 creationem
612 851 767 906 cruentam
781 843 898 904 cocleae
918 842 1009 903 elisae
1023 848 1157 931 teruntau

267 944 386 1015 (anun)
414 941 444 995 ct
467 953 504 994 ex
527 951 602 1012 aqua
625 932 777 994 bibuntur.
814 930 937 1011 prodest
963 947 1041 1011 aqua
1063 936 1157 1011 potata

298 1040 385 1105 nepe,
414 1040 472 1104 qua
504 1024 622 1084 cotonia
650 1022 772 1083 decocta
800 1026 878 1081 sunt.
912 1018 1031 1080 cocleae
1052 1016 1155 1081 inlotae

413 1130 450 1174 ex
473 1129 548 1192 aqua
572 1112 685 1171 marina
708 1116 879 1188 coquuntur
901 1110 996 1169 etita
1018 1106 1155 1169 ‹levorm

313 1210 349 1265 ab.
413 1206 471 1261 tur.
515 1199 633 1261 cocleae
657 1216 725 1260 cum
752 1199 839 1259 testis
861 1197 924 1257 suis
951 1196 1041 1258 tritae
1063 1194 1156 1257 addito

280 1305 386 1367 sama,
414 1304 502 1347 croco
531 1286 670 1348 eduntur.
713 1288 852 1367 spongiae
880 1284 960 1346 afrae
986 1286 1066 1349 cinls
1095 1302 1157 1347 cum

298 1392 386 1455 eope,
412 1376 496 1452 porri
519 1378 623 1436 sectivi
650 1393 723 1436 suco
751 1373 898 1435 sorbetur.
934 1376 1020 1455 porri
1042 1372 1156 1455 capitati

280 1479 386 1543 22ιο7.
413 1479 504 1523 sucus
537 1480 606 1523 cum
637 1464 732 1524 farina
769 1464 846 1524 turis
874 1461 1024 1524 sorbetur.
1067 1462 1180 1523 larinail

419 1566 478 1629 qua
505 1550 624 1612 chartae
651 1551 834 1629 glutinantur
861 1549 954 1612 calida
980 1552 1013 1612 in
1039 1549 1157 1611 modum

141 1644 391 1718 *(cf.Mcrc.p.118)
418 1638 590 1701 sorbitionis
618 1641 754 1701 sumitur.
790 1657 865 1719 aqua
891 1641 923 1700 in
950 1656 1010 1719 qua
1036 1650 1107 1701 rosa
1130 1642 1157 1698 ct

417 1735 485 1790 ruta
507 1735 537 1789 et
560 1727 706 1809 hysopum
728 1725 849 1789 decocta
871 1734 942 1789 sunt
964 1728 1034 1789 vino
1055 1728 1156 1789 misce

282 1828 387 1891 20241.
415 1825 466 1879 tur
480 1826 510 1880 et
528 1820 568 1880 ita
586 1819 670 1897 potui
684 1818 867 1896 propinatur.
895 1812 1041 1877 marrubii
1053 1831 1156 1897 scopae

414 1923 483 1967 cum
505 1908 611 1985 panico
634 1923 710 1985 aqua
732 1903 942 1984 decoquuntur
964 1921 1059 1985 eaque
1086 1910 1184 1983 aquo!

296 2002 384 2067 23,11.
411 1991 533 2055 bibitur.
561 2011 634 2054 uvae
649 1996 680 2053 in
694 1994 823 2054 vinaceis
838 1999 971 2054 seruatae
989 2000 1076 2073 aptae
1090 1998 1157 2053 nmt

295 2090 384 2154 2070.
412 2080 621 2142 excreantibus
650 2082 832 2160 sauguinem.
869 2079 990 2141 oleastri
1017 2078 1089 2141 lolia
1110 2080 1157 2141 cle·

323 2173 339 2207 *
412 2177 584 2248 coquuntur
602 2188 639 2231 ex
657 2168 789 2230 melleet
807 2162 916 2230 dantur
930 2166 1077 2229 coclearia
1094 2168 1158 2229 tria

277 2266 383 2330 ealce.
410 2255 524 2335 palmae
547 2257 700 2319 thebaicae
724 2256 862 2317 eduntur.
904 2256 1022 2316 cotonia
1044 2262 1158 2317 mature

278 2354 383 2418 iaaac.
411 2343 591 2407 devorantur
609 2344 710 2406 cruda.
738 2343 836 2405 nuclei
854 2342 1074 2423 amygdalarum
1092 2348 1199 2425 cumb¹

236 2434 323 2506 (2202
338 2433 383 2502 †)
411 2431 509 2492 amulo
527 2440 558 2493 et
572 2440 735 2494 mentastro
752 2431 940 2492 devorantur.
968 2448 1073 2493 semen
1085 2432 1159 2493 urti-
1196 2428 1199 2509 ξ

276 2529 383 2593 talea.
411 2536 462 2579 cae
490 2526 541 2581 aut
569 2522 658 2599 myrti
685 2521 848 2581 contritum
878 2520 909 2578 ln
937 2519 1005 2579 vino
1037 2516 1159 2581 bibitur.

215 2684 256 2741 tic.
276 2685 321 2740 Ad
338 2689 502 2759 sanguinem
521 2688 669 2744 coicientes
687 2690 714 2745 d.
769 2687 914 2743 chimino
929 2705 961 2759 9,
984 2686 1081 2744 emina
1097 2690 1127 2745 cl.

140 2755 275 2812 becelini
288 2773 354 2813 auco
366 2775 398 2828 9,
417 2759 487 2817 secli
504 2758 538 2815 in
549 2775 613 2815 suco
632 2760 659 2815 d.
710 2764 726 2815 8
741 2757 839 2815 elisae:
858 2757 930 2815 elixo
943 2758 1161 2829 pd(r,elixuloe

146 2824 191 2880 M.
205 2842 238 2897 p.
258 2830 329 2897 120).
357 2831 391 2896 cf.
408 2830 453 2887 Pl.
468 2830 585 2901 dempta
602 2831 676 2885 lesia
693 2829 787 2886 tritae.
850 2835 884 2884 10
903 2844 960 2899 qua
976 2844 1007 2899 p:
1025 2828 1077 2887 ubi
1093 2830 1158 2895 aba

134 2897 257 2953 -cobonia
278 2914 309 2968 με
335 2898 440 2956 cilonia
457 2902 485 2956 d.
530 2907 563 2957 18
581 2916 662 2955 eroco
690 2902 734 2969 (ut
755 2900 1118 2982 0000011.37,12)9ἀ(0),

145 2971 179 3022 10
204 2968 287 3023 calda
309 2985 335 3039 p.
408 2971 643 3042 10210οω0029,
670 2970 835 3026 mmubiud.
908 2975 943 3026 20
966 2986 1031 3025 cum
1058 2970 1160 3043 pouiao

145 3038 649 3112 equa(Pl.):cumpanc9b,cum
666 3040 787 3110 000οἀ.
859 3040 1098 3113 ilrinaciiepcl.

144 3114 179 3164 22
199 3109 393 3167 excreantibus
405 3113 458 3181 pb:
477 3112 512 3167 -u‘
525 3114 553 3168 cl.
603 3117 637 3167 23
652 3111 755 3168 dantur
768 3110 939 3167 coclearibus
953 3112 1024 3182 (00·00
1035 3116 1161 3183 mero)

145 3179 191 3234 Pl.
264 3186 299 3237 24
327 3181 440 3251 cytonia
457 3198 487 3251 9,
514 3181 620 3238 cilonia
640 3183 667 3237 d.
740 3186 774 3237 25
801 3181 922 3237 Nuculei
938 3200 964 3254 9.
990 3184 995 3253 Ι
1024 3184 1161 3257 amygdu·

143 3250 240 3306 lorum
262 3251 311 3323 pd.
376 3257 411 3306 20
438 3252 533 3309 amulo
556 3253 598 3324 ed
625 3252 720 3321 (amilo
747 3253 787 3320 b):
815 3252 898 3308 anulo
921 3270 945 3310 r.
