2384 3796
539 143 863 220 -182-Δ

188 299 234 355 Pl.
299 301 302 306 ’
328 305 376 367 Fit
399 325 435 367 ex
458 306 541 368 acido
564 307 674 386 punico
703 305 953 367 medicamentum
976 304 1129 365 stomatice
1149 320 1162 362 a

165 376 252 440 ²³²⁵&
264 394 386 456 Graecis
404 397 601 475 nominatum,
624 396 710 457 cuius
733 396 909 474 compositio
928 395 994 455 eius
1014 392 1096 454 modi
1115 384 1160 452 est.

263 484 396 546 detracto
424 487 535 546 cortice
563 483 638 544 mala
666 483 848 563 tunduntur,
876 501 913 543 ex
935 480 983 543 bis
1007 498 1100 543 sucus
1119 498 1159 540 ex·

261 575 415 653 primitur,
442 576 468 633 is
491 573 633 634 decoctus
656 574 693 634 ad
719 575 823 634 tertias
847 589 916 633 cum
944 569 981 631 ad
1010 571 1158 632 sextarium

261 665 377 724 venerit
400 664 481 723 croci
502 661 545 724 m.
569 676 621 744 vl,
643 680 759 742 myrrae
782 661 825 722 sc.
848 674 900 741 vl,
923 659 1064 722 aluminis
1086 657 1173 721 sciscit

261 759 374 849 s‘c.'v1,
397 767 492 829 mellis
515 770 619 848 optimi
641 768 690 830 bb.
709 783 731 829 1.
767 768 824 828 hoc
846 767 1065 829 medicamento
1086 761 1154 847 prae

262 859 349 936 cipue
382 856 502 936 quidem
530 860 591 918 oris
618 859 687 919 vitia
715 866 870 938 sanantur,
901 873 1008 917 verum
1041 863 1072 916 et
1099 854 1153 914 uitia

262 948 379 1007 narium
402 947 517 1026 mitigat
540 954 570 1007 et
593 947 710 1008 aurium
733 946 855 1008 vulnera
878 953 1024 1025 expurgat
1049 952 1078 1006 et
1098 959 1151 1002 ocu·

261 1032 360 1096 lorum
388 1033 543 1114 caliginem
569 1034 704 1116 discutit,
736 1035 837 1115 ulcera
868 1036 959 1096 etiam
990 1029 1150 1112 genitalibus

188 1117 233 1171 Pl·
262 1124 362 1184 innata
388 1131 536 1203 persanat.
571 1124 605 1185 fit
632 1133 662 1185 et
689 1123 762 1186 haec
785 1125 961 1204 compositio
985 1122 1023 1183 de
1051 1119 1175 1203 puniant

164 1192 252 1257 ²4²⁷9'
262 1212 340 1291 apud
367 1211 497 1273 Graecos
524 1214 645 1292 oporice
673 1212 751 1274 dicta
779 1219 883 1274 contra
909 1228 1076 1272 marcorem
1104 1214 1148 1269 sto

262 1301 359 1362 machi
378 1320 415 1362 ac
439 1301 589 1362 fastidium
608 1305 784 1364 necessaria.
812 1305 843 1363 in
862 1301 969 1381 congio
988 1301 1080 1361 musti
1096 1312 1149 1359 con·

260 1391 394 1451 iciuntur
416 1393 548 1468 quinque
574 1390 696 1472 punica,
724 1390 848 1453 totidem
872 1397 901 1451 et
925 1387 1071 1469 cydonea,
1096 1399 1149 1446 cun

261 1477 307 1538 his
327 1477 485 1539 sorborum
504 1481 664 1559 sextarius,
684 1482 763 1541 roris
781 1480 888 1560 syriaci
907 1476 1070 1557 sextarius,
1088 1469 1150 1536 croci

155 1702 259 1770 (92.96)
330 1689 493 1746 Punicorum
516 1692 616 1749 multae
638 1695 763 1750 virtutes.
801 1699 866 1747 sunt
888 1689 978 1747 dulcia
998 1687 1074 1747 acida
1093 1686 1174 1743 rint-¹⁵

261 1773 336 1832 lenta
350 1774 454 1831 acerba.
491 1775 579 1833 dulcia
602 1775 702 1835 babent
724 1772 829 1849 aliquid
851 1773 966 1847 caloris,
993 1781 1023 1831 ct
1045 1773 1104 1831 ideo
1121 1771 1152 1827 n·

261 1857 386 1917 flationes
401 1861 534 1918 stomachi
545 1868 654 1918 movent
667 1869 696 1919 et
710 1868 862 1935 egeruntur
875 1866 904 1915 et
918 1859 1017 1934 partim
1033 1856 1153 1916 nutriunt

261 1943 476 2002 febricitantibus
504 1961 559 2002 non
591 1945 700 2003 dantur.
749 1945 823 2001 acida
856 1943 999 2017 frigidiora
1027 1939 1155 2000 stomacho

261 2027 443 2085 accommoda.
473 2031 577 2086 urinam
598 2039 722 2106 movent,
744 2029 887 2104 pulmones
902 2028 1083 2102 refrigerant,
1102 2023 1156 2083 ioci·

261 2128 326 2169 nere
353 2111 539 2170 laborantibus
566 2122 740 2172 succurrunt.
784 2112 921 2170 vinolenta
952 2113 981 2168 ia
1009 2127 1062 2169 usn
1088 2112 1184 2166 erunt!

261 2196 374 2253 meliora
396 2197 559 2271 supradictis
581 2201 646 2274 quia
667 2198 769 2256 mediae
783 2196 892 2254 virtutis
907 2205 983 2253 sunt.
1013 2194 1108 2254 acerba
1120 2191 1157 2250 itta

260 2289 325 2337 sunt
353 2279 452 2355 quibus
479 2285 552 2340 coria
580 2292 720 2340 curantur.
762 2281 893 2357 frigidam
918 2283 1023 2338 siccant
1050 2288 1079 2339 et
1103 2292 1159 2336 con·

260 2367 411 2440 stringunt.
447 2383 514 2441 prae
535 2369 558 2424 is
580 2367 706 2426 omnibus
728 2382 847 2442 apyrena
868 2364 1049 2441 appellantur.
1085 2376 1159 2422 sucus

261 2449 394 2506 malorum
421 2459 597 2525 granatorum
629 2453 768 2510 acidorum
794 2451 965 2508 stomachum
997 2451 1157 2508 nausiantsm

261 2536 435 2611 constringit.
1168 2540 1187 2582 ¹⁵

323 2618 390 2676 blala
414 2637 475 2678 cum
497 2623 590 2696 granis
612 2623 668 2679 suis
690 2623 718 2678 in
740 2621 806 2678 duas
828 2627 921 2695 partes
942 2618 1027 2676 divisa
1049 2621 1078 2676 in
1098 2630 1159 2692 aqut

219 2761 223 2767 ,
260 2711 340 2760 cocta
360 2706 439 2778 potui
462 2705 525 2763 dato
548 2706 672 2765 coeliacis
687 2715 715 2762 et
737 2705 925 2780 dysentericis.
961 2704 1071 2780 Integre
1091 2708 1158 2760 cocta

227 2912 241 2960 1
261 2906 408 2962 stomatice
426 2909 551 2978 puin),
570 2924 631 2963 -ese
649 2923 678 2962 a:
697 2906 866 2962 stomaticon
882 2920 899 2959 r
917 2899 1100 2976 (σωῃατικὸο
1112 2903 1157 2970 bt).

190 2976 245 3031 tis
260 2977 392 3033 decoctus
405 2980 437 3033 ol
447 2981 487 3049 (b,
505 2979 530 3035 is
544 2979 661 3034 decoctu
670 2980 710 3049 r):
728 2978 772 3033 his
786 2975 911 3033 decoctis
924 2992 950 3046 9.
992 2981 1009 3031 5
1024 2975 1061 3032 ul
1073 2971 1156 3032 eiecit

192 3054 208 3102 6
228 3047 328 3104 obtimi
345 3065 371 3118 p.
388 3053 392 3116 f
408 3048 514 3120 fib.1p
532 3050 670 3118 (l’.1.of):
688 3049 762 3104 libra
780 3065 848 3115 una,
871 3045 1039 3115 miscentem,
1056 3047 1086 3103 et
1102 3042 1157 3125 exl

155 3117 246 3186 (libris.
264 3139 284 3178 1.
304 3119 505 3190 admiscentur,
524 3124 554 3177 et
572 3137 606 3176 ex
624 3123 658 3190 r).
685 3121 732 3177 sed
750 3120 785 3188 cf.
800 3119 878 3174 Plio.
933 3123 948 3172 ⁷
968 3118 1025 3173 oris
1037 3118 1091 3188 pel
1106 3117 1157 3185 (qm

154 3188 188 3244 de
207 3190 293 3245 morie
315 3191 355 3246 sic
376 3194 417 3261 y):
441 3194 471 3248 et
487 3191 611 3248 humoris
633 3193 703 3260 rbi
729 3187 1017 3246 sanentur-narium
1038 3205 1089 3244 oen.
1106 3202 1127 3242 s.

153 3264 170 3313 8
188 3261 298 3316 narium
316 3261 387 3318 vitis
404 3264 430 3318 b.
490 3270 521 3318 11
542 3279 639 3334 grecos
659 3262 753 3333 oporie
772 3262 867 3333 (grem
885 3259 996 3330 soporis
1012 3260 1052 3316 sie
1068 3263 1096 3330 y)
1112 3253 1157 3329 §tl

154 3333 241 3401 (quod
263 3332 395 3404 oporicen
416 3336 520 3390 vocant
543 3335 613 3405 Pu),
642 3332 688 3388 Gr.
712 3349 802 3403 opone
823 3332 870 3388 rb.
942 3336 977 3386 12
1000 3346 1047 3387 eo:
1075 3330 1104 3387 st
1122 3326 1155 3394 tt

153 3421 254 3491 congio
272 3424 338 3492 poi:
358 3422 418 3494 -giri
436 3424 481 3478 rb.
550 3429 583 3478 13
604 3423 660 3494 cy(i
672 3421 786 3492 o)donie
802 3421 905 3491 patro.
975 3424 1011 3474 14
1029 3406 1098 3476 aeft.
1114 3413 1155 3488 §.l

49 3570 54 3578 Ι
153 3490 236 3546 roris:
255 3494 436 3565 stapelen).
454 3496 457 3568 i
475 3495 549 3550 croci
563 3493 693 3565 (simplic.
706 3496 733 3563 o)
752 3491 888 3563 simplicis
906 3495 943 3550 s‘c.
964 3491 1061 3564 (abif)
1080 3509 1108 3548 vr
1123 3486 1156 3544 vl
