<?xml version="1.0" encoding="UTF-8"?>
<!DOCTYPE html PUBLIC "-//W3C//DTD XHTML 1.0 Transitional//EN"
    "http://www.w3.org/TR/xhtml1/DTD/xhtml1-transitional.dtd">
<html xmlns="http://www.w3.org/1999/xhtml" xml:lang="en" lang="en">
 <head>
  <title>
</title>
<meta http-equiv="Content-Type" content="text/html;charset=utf-8" />
  <meta name='ocr-system' content='tesseract 3.04.00' />
  <meta name='ocr-capabilities' content='ocr_page ocr_carea ocr_par ocr_line ocrx_word'/>
</head>
<body>
  <div class='ocr_page' id='page_1' title='image "./pliniisecundiqu00plingoog_0096.png"; bbox 0 0 2416 3802; ppageno 0'>
   <div class='ocr_carea' id='block_1_1' title="bbox 507 105 728 170">
    <p class='ocr_par' dir='ltr' id='par_1_1' title="bbox 507 105 728 170">
     <span class='ocr_line' id='line_1_1' title="bbox 507 105 728 170; baseline 0 -20"><span class='ocrx_word' id='word_1_1' title='bbox 507 105 728 170; x_wconf 70' lang='grc'>-89-</span> 
     </span>
    </p>
   </div>
   <div class='ocr_carea' id='block_1_2' title="bbox 68 265 1011 1924">
    <p class='ocr_par' dir='ltr' id='par_1_2' title="bbox 68 265 1011 1924">
     <span class='ocr_line' id='line_1_2' title="bbox 105 265 991 348; baseline 0.006 -22"><span class='ocrx_word' id='word_1_2' title='bbox 105 268 192 327; x_wconf 82' lang='lat' dir='ltr'><strong>virus</strong></span> <span class='ocrx_word' id='word_1_3' title='bbox 215 265 384 328; x_wconf 81' lang='lat' dir='ltr'><strong>dimittitur.</strong></span> <span class='ocrx_word' id='word_1_4' title='bbox 421 284 510 328; x_wconf 81' lang='lat' dir='ltr'><strong>ranae</strong></span> <span class='ocrx_word' id='word_1_5' title='bbox 529 269 561 328; x_wconf 92' lang='lat' dir='ltr'><strong>in</strong></span> <span class='ocrx_word' id='word_1_6' title='bbox 578 269 666 329; x_wconf 84' lang='lat' dir='ltr'><strong>trivio</strong></span> <span class='ocrx_word' id='word_1_7' title='bbox 685 267 856 348; x_wconf 84' lang='lat' dir='ltr'><strong>decoquun·</strong></span> <span class='ocrx_word' id='word_1_8' title='bbox 884 281 991 343; x_wconf 69' lang='lat' dir='ltr'><strong>snus.</strong></span> 
     </span>
     <span class='ocr_line' id='line_1_3' title="bbox 108 354 917 436; baseline 0.004 -20"><span class='ocrx_word' id='word_1_9' title='bbox 108 362 158 416; x_wconf 88' lang='lat' dir='ltr'><strong>tur</strong></span> <span class='ocrx_word' id='word_1_10' title='bbox 181 370 252 415; x_wconf 89' lang='lat' dir='ltr'><strong>oum</strong></span> <span class='ocrx_word' id='word_1_11' title='bbox 273 354 353 436; x_wconf 85' lang='lat' dir='ltr'><strong>oleo,</strong></span> <span class='ocrx_word' id='word_1_12' title='bbox 375 372 481 416; x_wconf 75' lang='lat' dir='ltr'><strong>tornes</strong></span> <span class='ocrx_word' id='word_1_13' title='bbox 504 373 608 417; x_wconf 78' lang='lat' dir='ltr'><strong>earnm</strong></span> <span class='ocrx_word' id='word_1_14' title='bbox 629 359 794 436; x_wconf 79' lang='lat' dir='ltr'><strong>proiectae:</strong></span> <span class='ocrx_word' id='word_1_15' title='bbox 821 375 857 418; x_wconf 90' lang='lat' dir='ltr'><strong>eo</strong></span> <span class='ocrx_word' id='word_1_16' title='bbox 914 356 917 361; x_wconf 82' lang='grc'><strong>’</strong></span> 
     </span>
     <span class='ocr_line' id='line_1_4' title="bbox 106 443 972 526; baseline 0.002 -22"><span class='ocrx_word' id='word_1_17' title='bbox 106 443 176 504; x_wconf 83' lang='lat' dir='ltr'><strong>oleo</strong></span> <span class='ocrx_word' id='word_1_18' title='bbox 196 449 325 504; x_wconf 82' lang='lat' dir='ltr'><strong>utuntur</strong></span> <span class='ocrx_word' id='word_1_19' title='bbox 343 443 380 505; x_wconf 84' lang='lat' dir='ltr'><strong>ed</strong></span> <span class='ocrx_word' id='word_1_20' title='bbox 398 446 579 506; x_wconf 84' lang='lat' dir='ltr'><strong>unctionem.</strong></span> <span class='ocrx_word' id='word_1_21' title='bbox 612 445 661 506; x_wconf 83' lang='lat' dir='ltr'><strong>olii</strong></span> <span class='ocrx_word' id='word_1_22' title='bbox 681 445 750 506; x_wconf 82' lang='lat' dir='ltr'><strong>elixi</strong></span> <span class='ocrx_word' id='word_1_23' title='bbox 769 453 858 526; x_wconf 84' lang='lat' dir='ltr'><strong>capnt</strong></span> <span class='ocrx_word' id='word_1_24' title='bbox 885 457 972 520; x_wconf 61' lang='lat' dir='ltr'><strong>noos.</strong></span> 
     </span>
     <span class='ocr_line' id='line_1_5' title="bbox 106 531 857 612; baseline 0.003 -18"><span class='ocrx_word' id='word_1_25' title='bbox 106 548 204 594; x_wconf 89' lang='lat' dir='ltr'><strong>unum</strong></span> <span class='ocrx_word' id='word_1_26' title='bbox 226 549 296 592; x_wconf 88' lang='lat' dir='ltr'><strong>oum</strong></span> <span class='ocrx_word' id='word_1_27' title='bbox 317 532 467 612; x_wconf 76' lang='lat' dir='ltr'><strong>laserpicii</strong></span> <span class='ocrx_word' id='word_1_28' title='bbox 486 531 573 595; x_wconf 84' lang='lat' dir='ltr'><strong>obolo</strong></span> <span class='ocrx_word' id='word_1_29' title='bbox 596 536 628 594; x_wconf 91' lang='lat' dir='ltr'><strong>in</strong></span> <span class='ocrx_word' id='word_1_30' title='bbox 650 537 719 594; x_wconf 86' lang='lat' dir='ltr'><strong>rino</strong></span> <span class='ocrx_word' id='word_1_31' title='bbox 738 543 857 596; x_wconf 82' lang='lat' dir='ltr'><strong>austero</strong></span> 
     </span>
     <span class='ocr_line' id='line_1_6' title="bbox 80 619 991 697; baseline 0 -15"><span class='ocrx_word' id='word_1_32' title='bbox 80 619 231 682; x_wconf 70' lang='lat' dir='ltr'><strong>thlhltur.</strong></span> <span class='ocrx_word' id='word_1_33' title='bbox 267 620 436 682; x_wconf 75' lang='lat' dir='ltr'><strong>hirundinis</strong></span> <span class='ocrx_word' id='word_1_34' title='bbox 458 621 521 683; x_wconf 83' lang='lat' dir='ltr'><strong>timi</strong></span> <span class='ocrx_word' id='word_1_35' title='bbox 543 621 683 683; x_wconf 79' lang='lat' dir='ltr'><strong>drachma</strong></span> <span class='ocrx_word' id='word_1_36' title='bbox 705 626 858 684; x_wconf 81' lang='lat' dir='ltr'><strong>unatrita</strong></span> <span class='ocrx_word' id='word_1_37' title='bbox 886 634 991 697; x_wconf 54' lang='lat' dir='ltr'><strong>sodon</strong></span> 
     </span>
     <span class='ocr_line' id='line_1_7' title="bbox 108 709 859 793; baseline 0.003 -23"><span class='ocrx_word' id='word_1_38' title='bbox 108 726 147 770; x_wconf 82' lang='lat' dir='ltr'><strong>ex</strong></span> <span class='ocrx_word' id='word_1_39' title='bbox 167 709 255 771; x_wconf 75' lang='lat' dir='ltr'><strong>lectis</strong></span> <span class='ocrx_word' id='word_1_40' title='bbox 273 711 388 789; x_wconf 82' lang='lat' dir='ltr'><strong>ooprini</strong></span> <span class='ocrx_word' id='word_1_41' title='bbox 405 718 457 771; x_wconf 85' lang='lat' dir='ltr'><strong>aut</strong></span> <span class='ocrx_word' id='word_1_42' title='bbox 479 711 559 771; x_wconf 85' lang='lat' dir='ltr'><strong>orllli</strong></span> <span class='ocrx_word' id='word_1_43' title='bbox 578 719 629 772; x_wconf 86' lang='lat' dir='ltr'><strong>out</strong></span> <span class='ocrx_word' id='word_1_44' title='bbox 646 714 727 791; x_wconf 82' lang='lat' dir='ltr'><strong>pessi</strong></span> <span class='ocrx_word' id='word_1_45' title='bbox 745 712 859 793; x_wconf 76' lang='lat' dir='ltr'><strong>cyathis</strong></span> 
     </span>
     <span class='ocr_line' id='line_1_8' title="bbox 107 796 998 879; baseline 0.002 -22"><span class='ocrx_word' id='word_1_46' title='bbox 107 796 208 859; x_wconf 81' lang='lat' dir='ltr'><strong>trihus</strong></span> <span class='ocrx_word' id='word_1_47' title='bbox 221 805 289 858; x_wconf 78' lang='lat' dir='ltr'><strong>oute</strong></span> <span class='ocrx_word' id='word_1_48' title='bbox 304 800 506 860; x_wconf 86' lang='lat' dir='ltr'><strong>oooessionem</strong></span> <span class='ocrx_word' id='word_1_49' title='bbox 522 801 707 879; x_wconf 81' lang='lat' dir='ltr'><strong>propinator.</strong></span> <span class='ocrx_word' id='word_1_50' title='bbox 735 800 858 863; x_wconf 81' lang='lat' dir='ltr'><strong>rubetae</strong></span> <span class='ocrx_word' id='word_1_51' title='bbox 886 810 998 875; x_wconf 74' lang='lat' dir='ltr'><strong>sn,114.-</strong></span> 
     </span>
     <span class='ocr_line' id='line_1_9' title="bbox 109 886 858 970; baseline 0.005 -24"><span class='ocrx_word' id='word_1_52' title='bbox 109 902 201 947; x_wconf 76' lang='lat' dir='ltr'><strong>ronse</strong></span> <span class='ocrx_word' id='word_1_53' title='bbox 231 903 285 947; x_wconf 86' lang='lat' dir='ltr'><strong>oor</strong></span> <span class='ocrx_word' id='word_1_54' title='bbox 311 886 358 948; x_wconf 86' lang='lat' dir='ltr'><strong>rel</strong></span> <span class='ocrx_word' id='word_1_55' title='bbox 387 888 473 948; x_wconf 84' lang='lat' dir='ltr'><strong>ieeur</strong></span> <span class='ocrx_word' id='word_1_56' title='bbox 499 888 673 968; x_wconf 79' lang='lat' dir='ltr'><strong>adalligatur</strong></span> <span class='ocrx_word' id='word_1_57' title='bbox 701 891 733 950; x_wconf 89' lang='lat' dir='ltr'><strong>lu</strong></span> <span class='ocrx_word' id='word_1_58' title='bbox 759 907 858 970; x_wconf 79' lang='lat' dir='ltr'><strong>penno</strong></span> 
     </span>
     <span class='ocr_line' id='line_1_10' title="bbox 109 973 991 1057; baseline 0.003 -22"><span class='ocrx_word' id='word_1_59' title='bbox 109 973 300 1054; x_wconf 81' lang='lat' dir='ltr'><strong>leuoopheoo.</strong></span> <span class='ocrx_word' id='word_1_60' title='bbox 327 992 431 1037; x_wconf 87' lang='lat' dir='ltr'><strong>semen</strong></span> <span class='ocrx_word' id='word_1_61' title='bbox 449 979 532 1037; x_wconf 81' lang='lat' dir='ltr'><strong>ansel</strong></span> <span class='ocrx_word' id='word_1_62' title='bbox 544 976 644 1038; x_wconf 83' lang='lat' dir='ltr'><strong>trihus</strong></span> <span class='ocrx_word' id='word_1_63' title='bbox 664 978 765 1057; x_wconf 83' lang='lat' dir='ltr'><strong>digitis</strong></span> <span class='ocrx_word' id='word_1_64' title='bbox 779 997 858 1040; x_wconf 88' lang='lat' dir='ltr'><strong>oom—</strong></span> <span class='ocrx_word' id='word_1_65' title='bbox 887 987 991 1052; x_wconf 60' lang='lat' dir='ltr'><strong>nonos.</strong></span> 
     </span>
     <span class='ocr_line' id='line_1_11' title="bbox 68 1063 860 1144; baseline 0.005 -20"><span class='ocrx_word' id='word_1_66' title='bbox 68 1076 97 1117; x_wconf 76' lang='grc' dir='ltr'><strong>ιο</strong></span> <span class='ocrx_word' id='word_1_67' title='bbox 108 1063 294 1144; x_wconf 84' lang='lat' dir='ltr'><strong>prehensum</strong></span> <span class='ocrx_word' id='word_1_68' title='bbox 316 1071 347 1126; x_wconf 88' lang='lat' dir='ltr'><strong>et</strong></span> <span class='ocrx_word' id='word_1_69' title='bbox 373 1063 496 1126; x_wconf 83' lang='lat' dir='ltr'><strong>lenionli</strong></span> <span class='ocrx_word' id='word_1_70' title='bbox 524 1065 700 1128; x_wconf 76' lang='lat' dir='ltr'><strong>tantundem</strong></span> <span class='ocrx_word' id='word_1_71' title='bbox 723 1085 759 1128; x_wconf 85' lang='lat' dir='ltr'><strong>ex</strong></span> <span class='ocrx_word' id='word_1_72' title='bbox 782 1070 860 1128; x_wconf 83' lang='lat' dir='ltr'><strong>eneti</strong></span> 
     </span>
     <span class='ocr_line' id='line_1_12' title="bbox 109 1152 947 1234; baseline 0.004 -21"><span class='ocrx_word' id='word_1_73' title='bbox 109 1152 202 1214; x_wconf 87' lang='lat' dir='ltr'><strong>mulsi</strong></span> <span class='ocrx_word' id='word_1_74' title='bbox 227 1154 312 1232; x_wconf 85' lang='lat' dir='ltr'><strong>potui</strong></span> <span class='ocrx_word' id='word_1_75' title='bbox 342 1153 431 1214; x_wconf 82' lang='lat' dir='ltr'><strong>datur</strong></span> <span class='ocrx_word' id='word_1_76' title='bbox 458 1153 564 1234; x_wconf 75' lang='lat' dir='ltr'><strong>cyatho</strong></span> <span class='ocrx_word' id='word_1_77' title='bbox 592 1173 661 1216; x_wconf 89' lang='lat' dir='ltr'><strong>nno.</strong></span> <span class='ocrx_word' id='word_1_78' title='bbox 697 1158 729 1216; x_wconf 89' lang='lat' dir='ltr'><strong>lu</strong></span> <span class='ocrx_word' id='word_1_79' title='bbox 757 1155 859 1216; x_wconf 80' lang='lat' dir='ltr'><strong>charta</strong></span> <span class='ocrx_word' id='word_1_80' title='bbox 931 1156 947 1193; x_wconf 74' lang='lat'><strong>²⁸</strong></span> 
     </span>
     <span class='ocr_line' id='line_1_13' title="bbox 109 1235 1011 1323; baseline 0.002 -22"><span class='ocrx_word' id='word_1_81' title='bbox 109 1243 225 1320; x_wconf 76' lang='lat' dir='ltr'><strong>virgine</strong></span> <span class='ocrx_word' id='word_1_82' title='bbox 243 1240 351 1303; x_wconf 75' lang='lat' dir='ltr'><strong>scribis</strong></span> <span class='ocrx_word' id='word_1_83' title='bbox 369 1241 449 1321; x_wconf 87' lang='lat' dir='ltr'><strong>quod</strong></span> <span class='ocrx_word' id='word_1_84' title='bbox 468 1245 500 1303; x_wconf 90' lang='lat' dir='ltr'><strong>in</strong></span> <span class='ocrx_word' id='word_1_85' title='bbox 519 1243 626 1304; x_wconf 82' lang='lat' dir='ltr'><strong>dextro</strong></span> <span class='ocrx_word' id='word_1_86' title='bbox 643 1242 766 1304; x_wconf 82' lang='lat' dir='ltr'><strong>brachio</strong></span> <span class='ocrx_word' id='word_1_87' title='bbox 788 1245 859 1323; x_wconf 81' lang='lat' dir='ltr'><strong>liga·</strong></span> <span class='ocrx_word' id='word_1_88' title='bbox 887 1237 948 1305; x_wconf 67' lang='lat'>(⁰²²2-</span> <span class='ocrx_word' id='word_1_89' title='bbox 963 1235 1011 1303; x_wconf 80' lang='lat' dir='ltr'><strong>rt)</strong></span> 
     </span>
     <span class='ocr_line' id='line_1_14' title="bbox 110 1329 859 1411; baseline 0.003 -20"><span class='ocrx_word' id='word_1_90' title='bbox 110 1338 176 1391; x_wconf 89' lang='lat' dir='ltr'><strong>tum</strong></span> <span class='ocrx_word' id='word_1_91' title='bbox 197 1337 298 1409; x_wconf 89' lang='lat' dir='ltr'><strong>portet</strong></span> <span class='ocrx_word' id='word_1_92' title='bbox 319 1329 369 1392; x_wconf 90' lang='lat' dir='ltr'><strong>ille</strong></span> <span class='ocrx_word' id='word_1_93' title='bbox 392 1332 444 1411; x_wconf 88' lang='lat' dir='ltr'><strong>qul</strong></span> <span class='ocrx_word' id='word_1_94' title='bbox 466 1333 591 1411; x_wconf 83' lang='lat' dir='ltr'><strong>patitur:</strong></span> <span class='ocrx_word' id='word_1_95' title='bbox 618 1332 727 1392; x_wconf 89' lang='lat' dir='ltr'><strong>recede</strong></span> <span class='ocrx_word' id='word_1_96' title='bbox 750 1331 786 1392; x_wconf 85' lang='lat' dir='ltr'><strong>eh</strong></span> <span class='ocrx_word' id='word_1_97' title='bbox 808 1331 859 1393; x_wconf 91' lang='lat' dir='ltr'><strong>illo</strong></span> 
     </span>
     <span class='ocr_line' id='line_1_15' title="bbox 110 1416 859 1502; baseline 0.005 -24"><span class='ocrx_word' id='word_1_98' title='bbox 110 1417 184 1479; x_wconf 81' lang='lat' dir='ltr'><strong>Gaio</strong></span> <span class='ocrx_word' id='word_1_99' title='bbox 207 1416 290 1500; x_wconf 81' lang='lat' dir='ltr'><strong>Seio,</strong></span> <span class='ocrx_word' id='word_1_100' title='bbox 317 1421 457 1502; x_wconf 81' lang='lat' dir='ltr'><strong>tertiana,</strong></span> <span class='ocrx_word' id='word_1_101' title='bbox 486 1419 627 1482; x_wconf 75' lang='lat' dir='ltr'><strong>Solonion</strong></span> <span class='ocrx_word' id='word_1_102' title='bbox 656 1427 687 1482; x_wconf 87' lang='lat' dir='ltr'><strong>te</strong></span> <span class='ocrx_word' id='word_1_103' title='bbox 715 1423 859 1501; x_wconf 79' lang='lat' dir='ltr'><strong>sequitur.</strong></span> 
     </span>
     <span class='ocr_line' id='line_1_16' title="bbox 69 1508 948 1587; baseline 0.003 -19"><span class='ocrx_word' id='word_1_104' title='bbox 69 1518 97 1560; x_wconf 72' lang='lat'><strong>1⁵</strong></span> <span class='ocrx_word' id='word_1_105' title='bbox 110 1509 184 1569; x_wconf 90' lang='lat' dir='ltr'><strong>item</strong></span> <span class='ocrx_word' id='word_1_106' title='bbox 215 1524 323 1587; x_wconf 83' lang='lat' dir='ltr'><strong>punem</strong></span> <span class='ocrx_word' id='word_1_107' title='bbox 353 1514 385 1570; x_wconf 89' lang='lat' dir='ltr'><strong>et</strong></span> <span class='ocrx_word' id='word_1_108' title='bbox 416 1508 509 1569; x_wconf 78' lang='lat' dir='ltr'><strong>salem</strong></span> <span class='ocrx_word' id='word_1_109' title='bbox 540 1511 572 1570; x_wconf 90' lang='lat' dir='ltr'><strong>in</strong></span> <span class='ocrx_word' id='word_1_110' title='bbox 602 1508 696 1571; x_wconf 85' lang='lat' dir='ltr'><strong>linteo</strong></span> <span class='ocrx_word' id='word_1_111' title='bbox 727 1509 763 1570; x_wconf 90' lang='lat' dir='ltr'><strong>de</strong></span> <span class='ocrx_word' id='word_1_112' title='bbox 791 1510 860 1571; x_wconf 82' lang='lat' dir='ltr'><strong>licio</strong></span> <span class='ocrx_word' id='word_1_113' title='bbox 932 1513 948 1546; x_wconf 84' lang='grc'>*</span> 
     </span>
     <span class='ocr_line' id='line_1_17' title="bbox 110 1594 860 1678; baseline 0.007 -23"><span class='ocrx_word' id='word_1_114' title='bbox 110 1595 211 1676; x_wconf 79' lang='lat' dir='ltr'><strong>alliget</strong></span> <span class='ocrx_word' id='word_1_115' title='bbox 234 1603 264 1656; x_wconf 92' lang='lat' dir='ltr'><strong>et</strong></span> <span class='ocrx_word' id='word_1_116' title='bbox 286 1598 366 1658; x_wconf 84' lang='lat' dir='ltr'><strong>oiroe</strong></span> <span class='ocrx_word' id='word_1_117' title='bbox 388 1594 527 1658; x_wconf 83' lang='lat' dir='ltr'><strong>arborem</strong></span> <span class='ocrx_word' id='word_1_118' title='bbox 548 1597 617 1659; x_wconf 84' lang='lat' dir='ltr'><strong>lioio</strong></span> <span class='ocrx_word' id='word_1_119' title='bbox 636 1597 736 1678; x_wconf 83' lang='lat' dir='ltr'><strong>alliget</strong></span> <span class='ocrx_word' id='word_1_120' title='bbox 758 1606 789 1660; x_wconf 90' lang='lat' dir='ltr'><strong>et</strong></span> <span class='ocrx_word' id='word_1_121' title='bbox 811 1599 860 1660; x_wconf 84' lang='lat' dir='ltr'><strong>ad·</strong></span> 
     </span>
     <span class='ocr_line' id='line_1_18' title="bbox 110 1686 860 1765; baseline 0.001 -20"><span class='ocrx_word' id='word_1_122' title='bbox 110 1687 192 1746; x_wconf 88' lang='lat' dir='ltr'><strong>iuret</strong></span> <span class='ocrx_word' id='word_1_123' title='bbox 223 1691 270 1747; x_wconf 88' lang='lat' dir='ltr'><strong>ter</strong></span> <span class='ocrx_word' id='word_1_124' title='bbox 301 1703 357 1765; x_wconf 85' lang='lat' dir='ltr'><strong>por</strong></span> <span class='ocrx_word' id='word_1_125' title='bbox 387 1703 495 1765; x_wconf 82' lang='lat' dir='ltr'><strong>panem</strong></span> <span class='ocrx_word' id='word_1_126' title='bbox 526 1694 557 1747; x_wconf 89' lang='lat' dir='ltr'><strong>et</strong></span> <span class='ocrx_word' id='word_1_127' title='bbox 589 1686 693 1747; x_wconf 81' lang='lat' dir='ltr'><strong>solem:</strong></span> <span class='ocrx_word' id='word_1_128' title='bbox 730 1690 860 1748; x_wconf 82' lang='lat' dir='ltr'><strong>erastino</strong></span> 
     </span>
     <span class='ocr_line' id='line_1_19' title="bbox 110 1772 860 1858; baseline 0.003 -25"><span class='ocrx_word' id='word_1_129' title='bbox 110 1772 246 1854; x_wconf 78' lang='lat' dir='ltr'><strong>hospites</strong></span> <span class='ocrx_word' id='word_1_130' title='bbox 268 1773 342 1834; x_wconf 90' lang='lat' dir='ltr'><strong>mihi</strong></span> <span class='ocrx_word' id='word_1_131' title='bbox 363 1776 483 1835; x_wconf 87' lang='lat' dir='ltr'><strong>venturi</strong></span> <span class='ocrx_word' id='word_1_132' title='bbox 506 1783 591 1858; x_wconf 83' lang='lat' dir='ltr'><strong>sunt,</strong></span> <span class='ocrx_word' id='word_1_133' title='bbox 614 1777 761 1854; x_wconf 86' lang='lat' dir='ltr'><strong>suscipite</strong></span> <span class='ocrx_word' id='word_1_134' title='bbox 785 1775 860 1836; x_wconf 88' lang='lat' dir='ltr'><strong>illos.</strong></span> 
     </span>
     <span class='ocr_line' id='line_1_20' title="bbox 110 1861 711 1924; baseline 0 -1"><span class='ocrx_word' id='word_1_135' title='bbox 110 1861 170 1923; x_wconf 91' lang='lat' dir='ltr'><strong>hoo</strong></span> <span class='ocrx_word' id='word_1_136' title='bbox 192 1869 240 1922; x_wconf 89' lang='lat' dir='ltr'><strong>ter</strong></span> <span class='ocrx_word' id='word_1_137' title='bbox 263 1861 349 1924; x_wconf 81' lang='lat' dir='ltr'><strong>diost.</strong></span> <span class='ocrx_word' id='word_1_138' title='bbox 692 1877 711 1898; x_wconf 90' lang='lat'>·</span> 
     </span>
    </p>
   </div>
   <div class='ocr_carea' id='block_1_3' title="bbox 179 2025 544 2085">
    <p class='ocr_par' dir='ltr' id='par_1_3' title="bbox 179 2025 544 2085">
     <span class='ocr_line' id='line_1_21' title="bbox 179 2025 544 2085; baseline 0.003 -1"><span class='ocrx_word' id='word_1_139' title='bbox 179 2026 270 2085; x_wconf 80' lang='lat' dir='ltr'><strong>m</strong></span> <span class='ocrx_word' id='word_1_140' title='bbox 293 2025 349 2084; x_wconf 79' lang='lat' dir='ltr'><strong>nd</strong></span> <span class='ocrx_word' id='word_1_141' title='bbox 369 2026 544 2085; x_wconf 71' lang='lat' dir='ltr'><strong>tertianas.</strong></span> 
     </span>
    </p>
   </div>
   <div class='ocr_carea' id='block_1_4' title="bbox 70 2101 1065 2304">
    <p class='ocr_par' dir='ltr' id='par_1_4' title="bbox 70 2101 1065 2304">
     <span class='ocr_line' id='line_1_22' title="bbox 70 2101 1065 2208; baseline -0.001 -19"><span class='ocrx_word' id='word_1_142' title='bbox 70 2141 97 2182; x_wconf 78' lang='lat'><strong>¹⁰</strong></span> <span class='ocrx_word' id='word_1_143' title='bbox 180 2126 328 2208; x_wconf 73' lang='lat' dir='ltr'><strong>Spongiee</strong></span> <span class='ocrx_word' id='word_1_144' title='bbox 359 2127 505 2190; x_wconf 78' lang='lat' dir='ltr'><strong>africanae</strong></span> <span class='ocrx_word' id='word_1_145' title='bbox 538 2101 633 2190; x_wconf 65' lang='lat' dir='ltr'><strong>oinis⁶</strong></span> <span class='ocrx_word' id='word_1_146' title='bbox 649 2147 686 2191; x_wconf 82' lang='lat' dir='ltr'><strong>ex</strong></span> <span class='ocrx_word' id='word_1_147' title='bbox 718 2128 783 2190; x_wconf 88' lang='lat' dir='ltr'><strong>oleo</strong></span> <span class='ocrx_word' id='word_1_148' title='bbox 815 2128 861 2190; x_wconf 86' lang='lat' dir='ltr'><strong>vel</strong></span> <span class='ocrx_word' id='word_1_149' title='bbox 888 2130 994 2203; x_wconf 57' lang='lat' dir='ltr'><strong>muns.</strong></span> <span class='ocrx_word' id='word_1_150' title='bbox 1062 2110 1065 2116; x_wconf 50' lang='grc'>’</span> 
     </span>
     <span class='ocr_line' id='line_1_23' title="bbox 87 2216 996 2304; baseline 0 -28"><span class='ocrx_word' id='word_1_151' title='bbox 87 2226 89 2230; x_wconf 84' lang='grc'><em>·</em></span> <span class='ocrx_word' id='word_1_152' title='bbox 111 2224 198 2278; x_wconf 78' lang='lat' dir='ltr'><strong>noeto</strong></span> <span class='ocrx_word' id='word_1_153' title='bbox 219 2217 252 2278; x_wconf 91' lang='lat' dir='ltr'><strong>ln</strong></span> <span class='ocrx_word' id='word_1_154' title='bbox 273 2216 374 2278; x_wconf 83' lang='lat' dir='ltr'><strong>tronto</strong></span> <span class='ocrx_word' id='word_1_155' title='bbox 396 2216 540 2279; x_wconf 88' lang='lat' dir='ltr'><strong>inlinitur.</strong></span> <span class='ocrx_word' id='word_1_156' title='bbox 577 2225 645 2279; x_wconf 82' lang='lat' dir='ltr'><strong>ante</strong></span> <span class='ocrx_word' id='word_1_157' title='bbox 669 2217 740 2304; x_wconf 86' lang='lat' dir='ltr'><strong>solis</strong></span> <span class='ocrx_word' id='word_1_158' title='bbox 763 2226 864 2279; x_wconf 88' lang='lat' dir='ltr'><strong>ortum</strong></span> <span class='ocrx_word' id='word_1_159' title='bbox 889 2227 996 2293; x_wconf 59' lang='lat' dir='ltr'><strong>anuto.</strong></span> 
     </span>
    </p>
   </div>
   <div class='ocr_carea' id='block_1_5' title="bbox 109 2386 1133 3529">
    <p class='ocr_par' dir='ltr' id='par_1_5' title="bbox 112 2386 1131 2744">
     <span class='ocr_line' id='line_1_24' title="bbox 186 2386 1131 2459; baseline 0.001 -17"><span class='ocrx_word' id='word_1_160' title='bbox 186 2394 200 2442; x_wconf 92' lang='lat'>1</span> <span class='ocrx_word' id='word_1_161' title='bbox 221 2389 379 2459; x_wconf 82' lang='lat' dir='ltr'><strong>coquuntur</strong></span> <span class='ocrx_word' id='word_1_162' title='bbox 396 2388 423 2444; x_wconf 84' lang='lat' dir='ltr'><strong>d.</strong></span> <span class='ocrx_word' id='word_1_163' title='bbox 478 2386 617 2444; x_wconf 73' lang='lat' dir='ltr'><strong>ncomes</strong></span> <span class='ocrx_word' id='word_1_164' title='bbox 639 2405 736 2444; x_wconf 85' lang='lat' dir='ltr'><strong>eornm</strong></span> <span class='ocrx_word' id='word_1_165' title='bbox 759 2389 866 2457; x_wconf 86' lang='lat' dir='ltr'><strong>(eorum</strong></span> <span class='ocrx_word' id='word_1_166' title='bbox 889 2389 919 2459; x_wconf 82' lang='lat' dir='ltr'><strong>d)</strong></span> <span class='ocrx_word' id='word_1_167' title='bbox 947 2386 1071 2459; x_wconf 82' lang='lat' dir='ltr'><strong>proiecto</strong></span> <span class='ocrx_word' id='word_1_168' title='bbox 1087 2388 1131 2456; x_wconf 64' lang='lat' dir='ltr'><strong>‚od</strong></span> 
     </span>
     <span class='ocr_line' id='line_1_25' title="bbox 113 2457 1076 2529; baseline -0.003 -15"><span class='ocrx_word' id='word_1_169' title='bbox 113 2457 311 2529; x_wconf 70' lang='lat' dir='ltr'><strong>(cornibusque</strong></span> <span class='ocrx_word' id='word_1_170' title='bbox 338 2474 435 2514; x_wconf 80' lang='lat' dir='ltr'><strong>eorum</strong></span> <span class='ocrx_word' id='word_1_171' title='bbox 461 2459 595 2528; x_wconf 82' lang='lat' dir='ltr'><strong>proieotis</strong></span> <span class='ocrx_word' id='word_1_172' title='bbox 625 2461 655 2514; x_wconf 84' lang='lat' dir='ltr'><strong>et</strong></span> <span class='ocrx_word' id='word_1_173' title='bbox 682 2458 744 2515; x_wconf 85' lang='lat' dir='ltr'><strong>oleo</strong></span> <span class='ocrx_word' id='word_1_174' title='bbox 766 2459 884 2514; x_wconf 83' lang='lat' dir='ltr'><strong>utuntur</strong></span> <span class='ocrx_word' id='word_1_175' title='bbox 911 2459 947 2514; x_wconf 84' lang='lat' dir='ltr'><strong>ed</strong></span> <span class='ocrx_word' id='word_1_176' title='bbox 969 2475 997 2512; x_wconf 88' lang='lat' dir='ltr'><strong>u.</strong></span> <span class='ocrx_word' id='word_1_177' title='bbox 1019 2458 1076 2526; x_wconf 83' lang='lat' dir='ltr'><strong>rb).</strong></span> 
     </span>
     <span class='ocr_line' id='line_1_26' title="bbox 112 2526 1127 2600; baseline -0.002 -16"><span class='ocrx_word' id='word_1_178' title='bbox 112 2536 219 2586; x_wconf 71' lang='lat' dir='ltr'><strong>ioum</strong></span> <span class='ocrx_word' id='word_1_179' title='bbox 239 2528 383 2600; x_wconf 75' lang='lat' dir='ltr'><strong>leserpioii</strong></span> <span class='ocrx_word' id='word_1_180' title='bbox 408 2529 492 2585; x_wconf 86' lang='lat' dir='ltr'><strong>obolo</strong></span> <span class='ocrx_word' id='word_1_181' title='bbox 516 2528 575 2587; x_wconf 76' lang='lat' dir='ltr'><strong>Pl:</strong></span> <span class='ocrx_word' id='word_1_182' title='bbox 604 2547 669 2585; x_wconf 88' lang='lat' dir='ltr'><strong>oum</strong></span> <span class='ocrx_word' id='word_1_183' title='bbox 689 2530 765 2586; x_wconf 75' lang='lat' dir='ltr'><strong>isser</strong></span> <span class='ocrx_word' id='word_1_184' title='bbox 786 2530 856 2585; x_wconf 77' lang='lat' dir='ltr'><strong>trito</strong></span> <span class='ocrx_word' id='word_1_185' title='bbox 884 2530 984 2598; x_wconf 77' lang='lat' dir='ltr'><strong>(lesere</strong></span> <span class='ocrx_word' id='word_1_186' title='bbox 1005 2526 1075 2584; x_wconf 76' lang='lat' dir='ltr'><strong>trito</strong></span> <span class='ocrx_word' id='word_1_187' title='bbox 1097 2529 1127 2596; x_wconf 80' lang='lat' dir='ltr'><strong>d)</strong></span> 
     </span>
     <span class='ocr_line' id='line_1_27' title="bbox 113 2599 1129 2671; baseline -0.002 -15"><span class='ocrx_word' id='word_1_188' title='bbox 113 2600 198 2656; x_wconf 89' lang='lat' dir='ltr'><strong>obolo</strong></span> <span class='ocrx_word' id='word_1_189' title='bbox 214 2601 270 2671; x_wconf 70' lang='lat' dir='ltr'><strong>od,</strong></span> <span class='ocrx_word' id='word_1_190' title='bbox 292 2617 357 2655; x_wconf 88' lang='lat' dir='ltr'><strong>oum</strong></span> <span class='ocrx_word' id='word_1_191' title='bbox 377 2601 469 2656; x_wconf 76' lang='lat' dir='ltr'><strong>lesere</strong></span> <span class='ocrx_word' id='word_1_192' title='bbox 487 2599 588 2657; x_wconf 80' lang='lat' dir='ltr'><strong>tritum</strong></span> <span class='ocrx_word' id='word_1_193' title='bbox 611 2601 695 2656; x_wconf 92' lang='lat' dir='ltr'><strong>obulo</strong></span> <span class='ocrx_word' id='word_1_194' title='bbox 709 2602 775 2670; x_wconf 72' lang='lat' dir='ltr'><strong>rh!</strong></span> <span class='ocrx_word' id='word_1_195' title='bbox 797 2600 902 2656; x_wconf 81' lang='lat' dir='ltr'><strong>austeri</strong></span> <span class='ocrx_word' id='word_1_196' title='bbox 915 2601 942 2655; x_wconf 82' lang='lat' dir='ltr'><strong>d.</strong></span> <span class='ocrx_word' id='word_1_197' title='bbox 997 2604 1013 2653; x_wconf 78' lang='lat'><strong>7</strong></span> <span class='ocrx_word' id='word_1_198' title='bbox 1034 2599 1129 2669; x_wconf 85' lang='lat' dir='ltr'><strong>propi·</strong></span> 
     </span>
     <span class='ocr_line' id='line_1_28' title="bbox 112 2669 1129 2744; baseline 0 -18"><span class='ocrx_word' id='word_1_199' title='bbox 112 2673 198 2726; x_wconf 79' lang='lat' dir='ltr'><strong>netur</strong></span> <span class='ocrx_word' id='word_1_200' title='bbox 223 2672 275 2742; x_wconf 70' lang='lat' dir='ltr'><strong>ob:</strong></span> <span class='ocrx_word' id='word_1_201' title='bbox 302 2671 386 2726; x_wconf 79' lang='lat' dir='ltr'><strong>datur</strong></span> <span class='ocrx_word' id='word_1_202' title='bbox 412 2673 440 2727; x_wconf 79' lang='lat' dir='ltr'><strong>d.</strong></span> <span class='ocrx_word' id='word_1_203' title='bbox 521 2677 538 2727; x_wconf 83' lang='lat'>8</span> <span class='ocrx_word' id='word_1_204' title='bbox 565 2670 753 2744; x_wconf 75' lang='lat' dir='ltr'><strong>edenigetum</strong></span> <span class='ocrx_word' id='word_1_205' title='bbox 780 2673 841 2742; x_wconf 79' lang='lat' dir='ltr'><strong>(sic)</strong></span> <span class='ocrx_word' id='word_1_206' title='bbox 864 2686 895 2742; x_wconf 80' lang='lat'><strong>9,</strong></span> <span class='ocrx_word' id='word_1_207' title='bbox 923 2669 1058 2740; x_wconf 76' lang='lat' dir='ltr'><strong>slligntnr</strong></span> <span class='ocrx_word' id='word_1_208' title='bbox 1080 2670 1129 2726; x_wconf 77' lang='lat' dir='ltr'><strong>do.</strong></span> 
     </span>
    </p>

    <p class='ocr_par' dir='ltr' id='par_1_6' title="bbox 109 2741 1133 3529">
     <span class='ocr_line' id='line_1_29' title="bbox 149 2741 1130 2814; baseline -0.002 -18"><span class='ocrx_word' id='word_1_209' title='bbox 149 2741 320 2814; x_wconf 79' lang='lat' dir='ltr'><strong>slouoopoo</strong></span> <span class='ocrx_word' id='word_1_210' title='bbox 337 2743 433 2813; x_wconf 68' lang='lat' dir='ltr'><strong>odro-</strong></span> <span class='ocrx_word' id='word_1_211' title='bbox 453 2743 458 2811; x_wconf 96' lang='grc'>1</span> <span class='ocrx_word' id='word_1_212' title='bbox 482 2741 561 2798; x_wconf 80' lang='lat' dir='ltr'><strong>eneti</strong></span> <span class='ocrx_word' id='word_1_213' title='bbox 577 2744 672 2812; x_wconf 70' lang='lat' dir='ltr'><strong>odeo,</strong></span> <span class='ocrx_word' id='word_1_214' title='bbox 694 2747 727 2798; x_wconf 80' lang='lat' dir='ltr'><strong>ot</strong></span> <span class='ocrx_word' id='word_1_215' title='bbox 743 2758 853 2813; x_wconf 75' lang='lat' dir='ltr'><strong>moper.</strong></span> <span class='ocrx_word' id='word_1_216' title='bbox 909 2747 944 2797; x_wconf 91' lang='lat'><strong>10</strong></span> <span class='ocrx_word' id='word_1_217' title='bbox 966 2743 996 2796; x_wconf 87' lang='lat' dir='ltr'><strong>ot</strong></span> <span class='ocrx_word' id='word_1_218' title='bbox 1016 2741 1130 2796; x_wconf 83' lang='lat' dir='ltr'><strong>lentun-</strong></span> 
     </span>
     <span class='ocr_line' id='line_1_30' title="bbox 113 2811 1131 2883; baseline -0.003 -14"><span class='ocrx_word' id='word_1_219' title='bbox 113 2813 179 2869; x_wconf 78' lang='lat' dir='ltr'><strong>den</strong></span> <span class='ocrx_word' id='word_1_220' title='bbox 196 2812 252 2870; x_wconf 78' lang='lat' dir='ltr'><strong>fen</strong></span> <span class='ocrx_word' id='word_1_221' title='bbox 265 2814 294 2870; x_wconf 83' lang='lat' dir='ltr'><strong>d.</strong></span> <span class='ocrx_word' id='word_1_222' title='bbox 308 2814 314 2883; x_wconf 85' lang='grc' dir='ltr'>Ι</span> <span class='ocrx_word' id='word_1_223' title='bbox 330 2813 495 2870; x_wconf 80' lang='lat' dir='ltr'><strong>sx-dotur</strong></span> <span class='ocrx_word' id='word_1_224' title='bbox 506 2830 535 2869; x_wconf 75' lang='lat' dir='ltr'><strong>r:</strong></span> <span class='ocrx_word' id='word_1_225' title='bbox 553 2830 588 2869; x_wconf 86' lang='lat' dir='ltr'><strong>ex</strong></span> <span class='ocrx_word' id='word_1_226' title='bbox 605 2813 680 2869; x_wconf 76' lang='lat' dir='ltr'><strong>nosti</strong></span> <span class='ocrx_word' id='word_1_227' title='bbox 698 2815 743 2883; x_wconf 83' lang='lat' dir='ltr'><strong>&lt;ox</strong></span> <span class='ocrx_word' id='word_1_228' title='bbox 756 2812 831 2870; x_wconf 73' lang='lat' dir='ltr'><strong>noeti</strong></span> <span class='ocrx_word' id='word_1_229' title='bbox 844 2814 928 2883; x_wconf 78' lang='lat' dir='ltr'><strong>bisol)</strong></span> <span class='ocrx_word' id='word_1_230' title='bbox 946 2812 1032 2868; x_wconf 89' lang='lat' dir='ltr'><strong>mulsi</strong></span> <span class='ocrx_word' id='word_1_231' title='bbox 1049 2811 1131 2882; x_wconf 84' lang='lat' dir='ltr'><strong>potui</strong></span> 
     </span>
     <span class='ocr_line' id='line_1_31' title="bbox 113 2881 1131 2955; baseline -0.003 -15"><span class='ocrx_word' id='word_1_232' title='bbox 113 2884 205 2941; x_wconf 76' lang='lat' dir='ltr'><strong>duint.</strong></span> <span class='ocrx_word' id='word_1_233' title='bbox 224 2887 323 2955; x_wconf 80' lang='lat' dir='ltr'><strong>oyotus</strong></span> <span class='ocrx_word' id='word_1_234' title='bbox 336 2898 407 2940; x_wconf 86' lang='lat' dir='ltr'><strong>unus</strong></span> <span class='ocrx_word' id='word_1_235' title='bbox 421 2885 450 2953; x_wconf 87' lang='lat'><strong>(1.</strong></span> <span class='ocrx_word' id='word_1_236' title='bbox 465 2885 563 2955; x_wconf 65' lang='lat' dir='ltr'><strong>md,</strong></span> <span class='ocrx_word' id='word_1_237' title='bbox 582 2887 611 2940; x_wconf 81' lang='lat' dir='ltr'><strong>st</strong></span> <span class='ocrx_word' id='word_1_238' title='bbox 628 2885 702 2940; x_wconf 76' lang='lat' dir='ltr'><strong>aeoli</strong></span> <span class='ocrx_word' id='word_1_239' title='bbox 719 2884 805 2939; x_wconf 87' lang='lat' dir='ltr'><strong>mulsi</strong></span> <span class='ocrx_word' id='word_1_240' title='bbox 823 2884 942 2954; x_wconf 78' lang='lat' dir='ltr'><strong>cyathus</strong></span> <span class='ocrx_word' id='word_1_241' title='bbox 959 2901 1032 2939; x_wconf 88' lang='lat' dir='ltr'><strong>uuus</strong></span> <span class='ocrx_word' id='word_1_242' title='bbox 1050 2881 1131 2953; x_wconf 88' lang='lat' dir='ltr'><strong>potui</strong></span> 
     </span>
     <span class='ocr_line' id='line_1_32' title="bbox 113 2955 1129 3025; baseline -0.002 -13"><span class='ocrx_word' id='word_1_243' title='bbox 113 2956 199 3012; x_wconf 72' lang='lat' dir='ltr'><strong>detur</strong></span> <span class='ocrx_word' id='word_1_244' title='bbox 216 2956 242 3011; x_wconf 82' lang='lat' dir='ltr'><strong>d.</strong></span> <span class='ocrx_word' id='word_1_245' title='bbox 297 2961 330 3011; x_wconf 90' lang='lat'><strong>11</strong></span> <span class='ocrx_word' id='word_1_246' title='bbox 348 2955 379 3011; x_wconf 90' lang='lat' dir='ltr'><strong>in</strong></span> <span class='ocrx_word' id='word_1_247' title='bbox 398 2956 497 3010; x_wconf 78' lang='lat' dir='ltr'><strong>chorte</strong></span> <span class='ocrx_word' id='word_1_248' title='bbox 514 2961 562 3012; x_wconf 84' lang='lat' dir='ltr'><strong>ete.</strong></span> <span class='ocrx_word' id='word_1_249' title='bbox 589 2956 655 3011; x_wconf 74' lang='lat' dir='ltr'><strong>leaeo</strong></span> <span class='ocrx_word' id='word_1_250' title='bbox 672 2972 767 3011; x_wconf 80' lang='lat' dir='ltr'><strong>renero</strong></span> <span class='ocrx_word' id='word_1_251' title='bbox 784 2957 926 3025; x_wconf 72' lang='lat' dir='ltr'><strong>pertinent</strong></span> <span class='ocrx_word' id='word_1_252' title='bbox 944 2957 982 3011; x_wconf 83' lang='lat' dir='ltr'><strong>od</strong></span> <span class='ocrx_word' id='word_1_253' title='bbox 999 2971 1060 3024; x_wconf 73' lang='lat' dir='ltr'><strong>cop.</strong></span> <span class='ocrx_word' id='word_1_254' title='bbox 1077 2969 1129 3023; x_wconf 74' lang='lat' dir='ltr'><strong>seq,</strong></span> 
     </span>
     <span class='ocr_line' id='line_1_33' title="bbox 113 3025 1132 3097; baseline -0.004 -14"><span class='ocrx_word' id='word_1_255' title='bbox 113 3029 148 3083; x_wconf 78' lang='lat' dir='ltr'><strong>de</strong></span> <span class='ocrx_word' id='word_1_256' title='bbox 165 3027 296 3082; x_wconf 67' lang='lat' dir='ltr'><strong>unium.</strong></span> <span class='ocrx_word' id='word_1_257' title='bbox 347 3032 382 3082; x_wconf 77' lang='lat'><strong>12</strong></span> <span class='ocrx_word' id='word_1_258' title='bbox 399 3026 499 3082; x_wconf 81' lang='lat' dir='ltr'><strong>scribis</strong></span> <span class='ocrx_word' id='word_1_259' title='bbox 516 3043 546 3097; x_wconf 77' lang='lat'><strong>9:</strong></span> <span class='ocrx_word' id='word_1_260' title='bbox 567 3026 614 3081; x_wconf 87' lang='lat' dir='ltr'><strong>-hs</strong></span> <span class='ocrx_word' id='word_1_261' title='bbox 632 3027 659 3082; x_wconf 78' lang='lat' dir='ltr'><strong>d.</strong></span> <span class='ocrx_word' id='word_1_262' title='bbox 680 3027 686 3095; x_wconf 83' lang='lat' dir='ltr'><strong>l</strong></span> <span class='ocrx_word' id='word_1_263' title='bbox 708 3028 806 3097; x_wconf 81' lang='lat' dir='ltr'><strong>portet</strong></span> <span class='ocrx_word' id='word_1_264' title='bbox 822 3026 943 3096; x_wconf 75' lang='lat' dir='ltr'><strong>ligatum</strong></span> <span class='ocrx_word' id='word_1_265' title='bbox 956 3027 983 3085; x_wconf 83' lang='lat' dir='ltr'><strong>d.</strong></span> <span class='ocrx_word' id='word_1_266' title='bbox 1030 3031 1063 3080; x_wconf 84' lang='lat'><strong>18</strong></span> <span class='ocrx_word' id='word_1_267' title='bbox 1077 3025 1132 3079; x_wconf 88' lang='lat' dir='ltr'><strong>Re-</strong></span> 
     </span>
     <span class='ocr_line' id='line_1_34' title="bbox 114 3096 1132 3183; baseline -0.004 -29"><span class='ocrx_word' id='word_1_268' title='bbox 114 3097 238 3183; x_wconf 59' lang='lat' dir='ltr'><strong>osdest</strong></span> <span class='ocrx_word' id='word_1_269' title='bbox 255 3096 307 3183; x_wconf 78' lang='lat' dir='ltr'><strong>illo</strong></span> <span class='ocrx_word' id='word_1_270' title='bbox 325 3099 424 3168; x_wconf 79' lang='lat' dir='ltr'><strong>.u.(oio,</strong></span> <span class='ocrx_word' id='word_1_271' title='bbox 443 3099 525 3168; x_wconf 71' lang='lat' dir='ltr'><strong>quusi</strong></span> <span class='ocrx_word' id='word_1_272' title='bbox 542 3113 626 3167; x_wconf 72' lang='lat' dir='ltr'><strong>mmo.</strong></span> <span class='ocrx_word' id='word_1_273' title='bbox 641 3113 696 3167; x_wconf 79' lang='lat' dir='ltr'><strong>pro</strong></span> <span class='ocrx_word' id='word_1_274' title='bbox 709 3097 797 3169; x_wconf 83' lang='lat' dir='ltr'><strong>enim)</strong></span> <span class='ocrx_word' id='word_1_275' title='bbox 813 3097 940 3154; x_wconf 77' lang='lat' dir='ltr'><strong>tennione</strong></span> <span class='ocrx_word' id='word_1_276' title='bbox 957 3096 1017 3153; x_wconf 90' lang='lat' dir='ltr'><strong>solo</strong></span> <span class='ocrx_word' id='word_1_277' title='bbox 1035 3097 1132 3151; x_wconf 89' lang='lat' dir='ltr'><strong>monte</strong></span> 
     </span>
     <span class='ocr_line' id='line_1_35' title="bbox 114 3167 1132 3320; baseline -0.007 -24"><span class='ocrx_word' id='word_1_278' title='bbox 114 3167 727 3311; x_wconf 56' lang='lat' dir='ltr'><strong>hitl⁸⁸lto0¹ltttltlttt⁶lt</strong></span> <span class='ocrx_word' id='word_1_279' title='bbox 740 3169 882 3296; x_wconf 56' lang='lat' dir='ltr'><strong>illle?</strong></span> <span class='ocrx_word' id='word_1_280' title='bbox 904 3167 1132 3320; x_wconf 55' lang='lat' dir='ltr'><strong>diffidit}</strong></span> 
     </span>
     <span class='ocr_line' id='line_1_36' title="bbox 114 3255 1132 3382; baseline -0.004 -16"><span class='ocrx_word' id='word_1_281' title='bbox 114 3309 203 3382; x_wconf 74' lang='lat' dir='ltr'><strong>(lycio</strong></span> <span class='ocrx_word' id='word_1_282' title='bbox 224 3312 285 3381; x_wconf 60' lang='grc' dir='ltr'><strong>Μ).</strong></span> <span class='ocrx_word' id='word_1_283' title='bbox 336 3317 370 3366; x_wconf 80' lang='grc'><strong>17</strong></span> <span class='ocrx_word' id='word_1_284' title='bbox 393 3315 438 3367; x_wconf 83' lang='lat' dir='ltr'><strong>ter</strong></span> <span class='ocrx_word' id='word_1_285' title='bbox 459 3327 510 3381; x_wconf 84' lang='lat' dir='ltr'><strong>per</strong></span> <span class='ocrx_word' id='word_1_286' title='bbox 531 3312 563 3366; x_wconf 69' lang='lat' dir='ltr'><strong>de</strong></span> <span class='ocrx_word' id='word_1_287' title='bbox 590 3328 641 3381; x_wconf 86' lang='lat' dir='ltr'><strong>por</strong></span> <span class='ocrx_word' id='word_1_288' title='bbox 664 3312 709 3366; x_wconf 83' lang='lat' dir='ltr'><strong>ter</strong></span> <span class='ocrx_word' id='word_1_289' title='bbox 725 3312 793 3381; x_wconf 74' lang='lat' dir='ltr'><strong>qrb.</strong></span> <span class='ocrx_word' id='word_1_290' title='bbox 818 3313 823 3380; x_wconf 90' lang='grc' dir='ltr'>Ι</span> <span class='ocrx_word' id='word_1_291' title='bbox 848 3255 900 3366; x_wconf 65' lang='lat' dir='ltr'><strong>suf</strong></span> <span class='ocrx_word' id='word_1_292' title='bbox 913 3311 940 3365; x_wconf 83' lang='lat' dir='ltr'><strong>d.</strong></span> <span class='ocrx_word' id='word_1_293' title='bbox 1004 3313 1039 3363; x_wconf 86' lang='lat'><strong>18</strong></span> <span class='ocrx_word' id='word_1_294' title='bbox 1061 3305 1132 3362; x_wconf 80' lang='lat' dir='ltr'><strong>mihi</strong></span> 
     </span>
     <span class='ocr_line' id='line_1_37' title="bbox 112 3378 1133 3454; baseline -0.005 -16"><span class='ocrx_word' id='word_1_295' title='bbox 112 3381 242 3453; x_wconf 73' lang='lat' dir='ltr'><strong>hospitus</strong></span> <span class='ocrx_word' id='word_1_296' title='bbox 258 3383 305 3438; x_wconf 81' lang='lat' dir='ltr'><strong>rh.</strong></span> <span class='ocrx_word' id='word_1_297' title='bbox 360 3389 393 3437; x_wconf 77' lang='lat'><strong>21</strong></span> <span class='ocrx_word' id='word_1_298' title='bbox 413 3384 506 3438; x_wconf 76' lang='lat' dir='ltr'><strong>ortum</strong></span> <span class='ocrx_word' id='word_1_299' title='bbox 523 3382 674 3454; x_wconf 72' lang='lat' dir='ltr'><strong>qrthl.):</strong></span> <span class='ocrx_word' id='word_1_300' title='bbox 698 3398 828 3438; x_wconf 85' lang='lat' dir='ltr'><strong>oooesum</strong></span> <span class='ocrx_word' id='word_1_301' title='bbox 846 3382 873 3436; x_wconf 81' lang='lat' dir='ltr'><strong>d.</strong></span> <span class='ocrx_word' id='word_1_302' title='bbox 900 3381 971 3436; x_wconf 78' lang='lat' dir='ltr'><strong>mole</strong></span> <span class='ocrx_word' id='word_1_303' title='bbox 988 3378 1053 3435; x_wconf 74' lang='lat' dir='ltr'><strong>leaeo</strong></span> <span class='ocrx_word' id='word_1_304' title='bbox 1071 3393 1133 3433; x_wconf 76' lang='lat' dir='ltr'><strong>eom</strong></span> 
     </span>
     <span class='ocr_line' id='line_1_38' title="bbox 109 3453 863 3529; baseline -0.003 -19"><span class='ocrx_word' id='word_1_305' title='bbox 109 3454 338 3524; x_wconf 58' lang='lat' dir='ltr'><strong>praecedentium</strong></span> <span class='ocrx_word' id='word_1_306' title='bbox 356 3455 484 3526; x_wconf 57' lang='lat' dir='ltr'><strong>(enormia</strong></span> <span class='ocrx_word' id='word_1_307' title='bbox 502 3454 570 3529; x_wconf 73' lang='lat' dir='ltr'><strong>afr.)</strong></span> <span class='ocrx_word' id='word_1_308' title='bbox 589 3454 796 3513; x_wconf 63' lang='lat' dir='ltr'><strong>eminuerunt</strong></span> <span class='ocrx_word' id='word_1_309' title='bbox 813 3453 863 3509; x_wconf 73' lang='lat' dir='ltr'><strong>rb.</strong></span> 
     </span>
    </p>
   </div>
   <div class='ocr_carea' id='block_1_6' title="bbox 0 0 1224 3802">
    <p class='ocr_par' dir='ltr' id='par_1_7' title="bbox 0 0 1224 3802">
     <span class='ocr_line' id='line_1_39' title="bbox 0 0 1224 3802; baseline 0 0"><span class='ocrx_word' id='word_1_310' title='bbox 0 0 1224 3802; x_wconf 95' lang='lat' dir='ltr'><strong> </strong></span> 
     </span>
    </p>
   </div>
  </div>
 </body>
</html>
