<?xml version="1.0" encoding="UTF-8"?>
<!DOCTYPE html PUBLIC "-//W3C//DTD XHTML 1.0 Transitional//EN"
    "http://www.w3.org/TR/xhtml1/DTD/xhtml1-transitional.dtd">
<html xmlns="http://www.w3.org/1999/xhtml" xml:lang="en" lang="en">
 <head>
  <title>
</title>
<meta http-equiv="Content-Type" content="text/html;charset=utf-8" />
  <meta name='ocr-system' content='tesseract 3.04.00' />
  <meta name='ocr-capabilities' content='ocr_page ocr_carea ocr_par ocr_line ocrx_word'/>
</head>
<body>
  <div class='ocr_page' id='page_1' title='image "./pliniisecundiqu00plingoog_0180.png"; bbox 0 0 2416 3802; ppageno 0'>
   <div class='ocr_carea' id='block_1_1' title="bbox 547 86 790 151">
    <p class='ocr_par' dir='ltr' id='par_1_1' title="bbox 547 86 790 151">
     <span class='ocr_line' id='line_1_1' title="bbox 547 86 790 151; baseline 0.004 -2"><span class='ocrx_word' id='word_1_1' title='bbox 547 86 790 151; x_wconf 80' lang='lat'>-173—</span> 
     </span>
    </p>
   </div>
   <div class='ocr_carea' id='block_1_2' title="bbox 225 271 1157 480">
    <p class='ocr_par' dir='ltr' id='par_1_2' title="bbox 225 271 1157 480">
     <span class='ocr_line' id='line_1_2' title="bbox 225 271 1146 377; baseline -0.077 -24"><span class='ocrx_word' id='word_1_2' title='bbox 225 281 364 337; x_wconf 72' lang='lat' dir='ltr'><strong>XXXV·</strong></span> <span class='ocrx_word' id='word_1_3' title='bbox 395 282 445 336; x_wconf 89' lang='lat' dir='ltr'><strong>De</strong></span> <span class='ocrx_word' id='word_1_4' title='bbox 466 294 561 349; x_wconf 85' lang='lat' dir='ltr'><strong>repo.</strong></span> <span class='ocrx_word' id='word_1_5' title='bbox 1087 271 1146 377; x_wconf 50' lang='lat' dir='ltr'><strong>„PL</strong></span> 
     </span>
     <span class='ocr_line' id='line_1_3' title="bbox 236 348 1157 480; baseline -0.071 -19"><span class='ocrx_word' id='word_1_6' title='bbox 236 398 317 480; x_wconf 84' lang='lat' dir='ltr'><strong>Rapa</strong></span> <span class='ocrx_word' id='word_1_7' title='bbox 353 398 540 461; x_wconf 76' lang='lat' dir='ltr'><strong>Democritus</strong></span> <span class='ocrx_word' id='word_1_8' title='bbox 578 408 726 479; x_wconf 80' lang='lat' dir='ltr'><strong>tamquam</strong></span> <span class='ocrx_word' id='word_1_9' title='bbox 765 402 912 461; x_wconf 90' lang='lat' dir='ltr'><strong>contraria</strong></span> <span class='ocrx_word' id='word_1_10' title='bbox 949 403 1068 480; x_wconf 77' lang='lat' dir='ltr'>corpori</span> <span class='ocrx_word' id='word_1_11' title='bbox 1089 348 1157 402; x_wconf 49' lang='lat' dir='ltr'><strong>soc.</strong></span> 
     </span>
    </p>
   </div>
   <div class='ocr_carea' id='block_1_3' title="bbox 10 487 1130 1899">
    <p class='ocr_par' dir='ltr' id='par_1_3' title="bbox 156 487 1067 567">
     <span class='ocr_line' id='line_1_4' title="bbox 156 487 1067 567; baseline 0.001 -19"><span class='ocrx_word' id='word_1_12' title='bbox 156 487 290 549; x_wconf 86' lang='lat' dir='ltr'><strong>damnat</strong></span> <span class='ocrx_word' id='word_1_13' title='bbox 325 497 411 567; x_wconf 90' lang='lat' dir='ltr'><strong>putat</strong></span> <span class='ocrx_word' id='word_1_14' title='bbox 433 490 513 549; x_wconf 91' lang='lat' dir='ltr'><strong>enim</strong></span> <span class='ocrx_word' id='word_1_15' title='bbox 536 506 573 549; x_wconf 82' lang='lat' dir='ltr'><strong>ex</strong></span> <span class='ocrx_word' id='word_1_16' title='bbox 600 490 626 548; x_wconf 91' lang='lat' dir='ltr'><strong>is</strong></span> <span class='ocrx_word' id='word_1_17' title='bbox 655 488 822 549; x_wconf 86' lang='lat' dir='ltr'><strong>inflationes</strong></span> <span class='ocrx_word' id='word_1_18' title='bbox 846 489 990 550; x_wconf 83' lang='lat' dir='ltr'>stomachi</span> <span class='ocrx_word' id='word_1_19' title='bbox 1018 508 1067 549; x_wconf 82' lang='lat' dir='ltr'><strong>ex-</strong></span> 
     </span>
    </p>

    <p class='ocr_par' dir='ltr' id='par_1_4' title="bbox 10 575 1067 658">
     <span class='ocr_line' id='line_1_5' title="bbox 10 575 1067 658; baseline 0 -21"><span class='ocrx_word' id='word_1_20' title='bbox 10 598 43 656; x_wconf 42' lang='lat' dir='ltr'><strong>p</strong></span> <span class='ocrx_word' id='word_1_21' title='bbox 158 577 256 637; x_wconf 85' lang='lat' dir='ltr'><strong>citari</strong></span> <span class='ocrx_word' id='word_1_22' title='bbox 292 584 397 638; x_wconf 88' lang='lat' dir='ltr'><strong>contra</strong></span> <span class='ocrx_word' id='word_1_23' title='bbox 419 575 536 638; x_wconf 82' lang='lat' dir='ltr'><strong>lliocles</strong></span> <span class='ocrx_word' id='word_1_24' title='bbox 563 579 695 657; x_wconf 83' lang='lat' dir='ltr'>itemque</span> <span class='ocrx_word' id='word_1_25' title='bbox 718 576 876 658; x_wconf 79' lang='lat' dir='ltr'><strong>Dionysius</strong></span> <span class='ocrx_word' id='word_1_26' title='bbox 904 580 993 638; x_wconf 86' lang='lat' dir='ltr'><strong>etiam</strong></span> <span class='ocrx_word' id='word_1_27' title='bbox 1016 596 1067 637; x_wconf 90' lang='lat' dir='ltr'><strong>ne-</strong></span> 
     </span>
    </p>

    <p class='ocr_par' dir='ltr' id='par_1_5' title="bbox 160 665 1066 747">
     <span class='ocr_line' id='line_1_6' title="bbox 160 665 1066 747; baseline -0.001 -20"><span class='ocrx_word' id='word_1_28' title='bbox 160 667 290 727; x_wconf 84' lang='lat' dir='ltr'><strong>cessaria</strong></span> <span class='ocrx_word' id='word_1_29' title='bbox 318 668 485 726; x_wconf 84' lang='lat' dir='ltr'><strong>existimant</strong></span> <span class='ocrx_word' id='word_1_30' title='bbox 512 674 636 747; x_wconf 89' lang='lat' dir='ltr'><strong>propter</strong></span> <span class='ocrx_word' id='word_1_31' title='bbox 664 685 713 727; x_wconf 90' lang='lat' dir='ltr'><strong>cas</strong></span> <span class='ocrx_word' id='word_1_32' title='bbox 740 668 866 728; x_wconf 88' lang='lat' dir='ltr'><strong>virtutos</strong></span> <span class='ocrx_word' id='word_1_33' title='bbox 894 684 969 746; x_wconf 95' lang='lat' dir='ltr'><strong>quae</strong></span> <span class='ocrx_word' id='word_1_34' title='bbox 997 665 1066 727; x_wconf 89' lang='lat' dir='ltr'><strong>sub-</strong></span> 
     </span>
    </p>

    <p class='ocr_par' dir='ltr' id='par_1_6' title="bbox 137 754 1066 835">
     <span class='ocr_line' id='line_1_7' title="bbox 137 754 1066 835; baseline 0.002 -22"><span class='ocrx_word' id='word_1_35' title='bbox 137 754 254 816; x_wconf 72' lang='lat' dir='ltr'><strong>riscus</strong></span> <span class='ocrx_word' id='word_1_36' title='bbox 283 762 362 815; x_wconf 91' lang='lat' dir='ltr'><strong>sunt.</strong></span> <span class='ocrx_word' id='word_1_37' title='bbox 399 754 564 815; x_wconf 79' lang='lat' dir='ltr'><strong>antidotum</strong></span> <span class='ocrx_word' id='word_1_38' title='bbox 587 763 813 835; x_wconf 80' lang='lat' dir='ltr'><strong>repraesentant</strong></span> <span class='ocrx_word' id='word_1_39' title='bbox 840 774 908 816; x_wconf 91' lang='lat' dir='ltr'><strong>cum</strong></span> <span class='ocrx_word' id='word_1_40' title='bbox 936 774 973 815; x_wconf 87' lang='lat' dir='ltr'><strong>ex</strong></span> <span class='ocrx_word' id='word_1_41' title='bbox 1000 755 1066 815; x_wconf 92' lang='lat' dir='ltr'><strong>oleo</strong></span> 
     </span>
    </p>

    <p class='ocr_par' dir='ltr' id='par_1_7' title="bbox 162 841 1067 924">
     <span class='ocr_line' id='line_1_8' title="bbox 162 841 1067 924; baseline 0 -21"><span class='ocrx_word' id='word_1_42' title='bbox 162 850 191 904; x_wconf 89' lang='lat' dir='ltr'><strong>et</strong></span> <span class='ocrx_word' id='word_1_43' title='bbox 222 844 292 903; x_wconf 82' lang='lat' dir='ltr'><strong>vino</strong></span> <span class='ocrx_word' id='word_1_44' title='bbox 327 845 397 903; x_wconf 89' lang='lat' dir='ltr'><strong>trita</strong></span> <span class='ocrx_word' id='word_1_45' title='bbox 434 852 602 904; x_wconf 87' lang='lat' dir='ltr'><strong>sumuntur.</strong></span> <span class='ocrx_word' id='word_1_46' title='bbox 652 862 792 904; x_wconf 89' lang='lat' dir='ltr'><strong>venerem</strong></span> <span class='ocrx_word' id='word_1_47' title='bbox 829 841 994 924; x_wconf 89' lang='lat' dir='ltr'><strong>stimulant,</strong></span> <span class='ocrx_word' id='word_1_48' title='bbox 1031 862 1067 904; x_wconf 91' lang='lat' dir='ltr'><strong>eo</strong></span> 
     </span>
    </p>

    <p class='ocr_par' dir='ltr' id='par_1_8' title="bbox 38 930 1066 1012">
     <span class='ocr_line' id='line_1_9' title="bbox 38 930 1066 1012; baseline 0.002 -22"><span class='ocrx_word' id='word_1_49' title='bbox 38 942 61 955; x_wconf 87' lang='lat'><strong>··</strong></span> <span class='ocrx_word' id='word_1_50' title='bbox 161 930 286 992; x_wconf 81' lang='lat' dir='ltr'><strong>validius</strong></span> <span class='ocrx_word' id='word_1_51' title='bbox 304 933 330 992; x_wconf 89' lang='lat' dir='ltr'><strong>si</strong></span> <span class='ocrx_word' id='word_1_52' title='bbox 349 950 417 993; x_wconf 90' lang='lat' dir='ltr'><strong>curn</strong></span> <span class='ocrx_word' id='word_1_53' title='bbox 436 950 526 993; x_wconf 91' lang='lat' dir='ltr'><strong>eruca</strong></span> <span class='ocrx_word' id='word_1_54' title='bbox 541 933 725 993; x_wconf 82' lang='lat' dir='ltr'><strong>condiantur.</strong></span> <span class='ocrx_word' id='word_1_55' title='bbox 753 940 830 993; x_wconf 90' lang='lat' dir='ltr'><strong>tosta</strong></span> <span class='ocrx_word' id='word_1_56' title='bbox 849 940 880 992; x_wconf 91' lang='lat' dir='ltr'><strong>et</strong></span> <span class='ocrx_word' id='word_1_57' title='bbox 899 950 966 992; x_wconf 90' lang='lat' dir='ltr'><strong>cum</strong></span> <span class='ocrx_word' id='word_1_58' title='bbox 982 932 1066 1012; x_wconf 87' lang='lat' dir='ltr'><strong>adipe</strong></span> 
     </span>
    </p>

    <p class='ocr_par' dir='ltr' id='par_1_9' title="bbox 50 1020 1067 1082">
     <span class='ocr_line' id='line_1_10' title="bbox 50 1020 1067 1082; baseline -0.001 -1"><span class='ocrx_word' id='word_1_59' title='bbox 50 1032 58 1041; x_wconf 86' lang='lat'><strong><em>&#39;</em></strong></span> <span class='ocrx_word' id='word_1_60' title='bbox 161 1026 287 1081; x_wconf 86' lang='lat' dir='ltr'><strong>contusa</strong></span> <span class='ocrx_word' id='word_1_61' title='bbox 309 1020 503 1082; x_wconf 90' lang='lat' dir='ltr'><strong>articulorum</strong></span> <span class='ocrx_word' id='word_1_62' title='bbox 531 1020 625 1082; x_wconf 92' lang='lat' dir='ltr'><strong>dolori</strong></span> <span class='ocrx_word' id='word_1_63' title='bbox 653 1021 819 1082; x_wconf 75' lang='lat' dir='ltr'><strong>medentur,</strong></span> <span class='ocrx_word' id='word_1_64' title='bbox 856 1022 1000 1081; x_wconf 85' lang='lat' dir='ltr'><strong>ferventia</strong></span> <span class='ocrx_word' id='word_1_65' title='bbox 1022 1023 1067 1080; x_wconf 94' lang='lat' dir='ltr'><strong>in-</strong></span> 
     </span>
    </p>

    <p class='ocr_par' dir='ltr' id='par_1_10' title="bbox 43 1108 1067 1191">
     <span class='ocr_line' id='line_1_11' title="bbox 43 1108 1067 1191; baseline -0.001 -22"><span class='ocrx_word' id='word_1_66' title='bbox 43 1162 70 1191; x_wconf 56' lang='lat'><strong>„</strong></span> <span class='ocrx_word' id='word_1_67' title='bbox 160 1110 432 1189; x_wconf 77' lang='lat' dir='ltr'><strong>posita-perniones</strong></span> <span class='ocrx_word' id='word_1_68' title='bbox 445 1111 593 1190; x_wconf 83' lang='lat' dir='ltr'><strong>mitigant,</strong></span> <span class='ocrx_word' id='word_1_69' title='bbox 607 1109 702 1188; x_wconf 84' lang='lat' dir='ltr'><strong>frigus</strong></span> <span class='ocrx_word' id='word_1_70' title='bbox 717 1128 753 1169; x_wconf 87' lang='lat' dir='ltr'><strong>cx</strong></span> <span class='ocrx_word' id='word_1_71' title='bbox 766 1109 893 1189; x_wconf 85' lang='lat' dir='ltr'><strong>pedihus</strong></span> <span class='ocrx_word' id='word_1_72' title='bbox 907 1108 1067 1188; x_wconf 85' lang='lat' dir='ltr'><strong>expellunt.</strong></span> 
     </span>
    </p>

    <p class='ocr_par' dir='ltr' id='par_1_11' title="bbox 11 1196 1066 1278">
     <span class='ocr_line' id='line_1_12' title="bbox 11 1196 1066 1278; baseline -0.001 -21"><span class='ocrx_word' id='word_1_73' title='bbox 11 1219 47 1257; x_wconf 80' lang='lat' dir='ltr'><strong>re</strong></span> <span class='ocrx_word' id='word_1_74' title='bbox 129 1204 238 1278; x_wconf 73' lang='lat' dir='ltr'><strong>1taqua</strong></span> <span class='ocrx_word' id='word_1_75' title='bbox 260 1199 291 1258; x_wconf 90' lang='lat' dir='ltr'><strong>in</strong></span> <span class='ocrx_word' id='word_1_76' title='bbox 316 1215 374 1277; x_wconf 90' lang='lat' dir='ltr'><strong>qua</strong></span> <span class='ocrx_word' id='word_1_77' title='bbox 396 1197 526 1259; x_wconf 90' lang='lat' dir='ltr'><strong>discocta</strong></span> <span class='ocrx_word' id='word_1_78' title='bbox 550 1207 621 1259; x_wconf 90' lang='lat' dir='ltr'><strong>sunt</strong></span> <span class='ocrx_word' id='word_1_79' title='bbox 647 1198 763 1277; x_wconf 83' lang='lat' dir='ltr'><strong>frigidis</strong></span> <span class='ocrx_word' id='word_1_80' title='bbox 786 1197 925 1277; x_wconf 81' lang='lat' dir='ltr'><strong>podagris</strong></span> <span class='ocrx_word' id='word_1_81' title='bbox 948 1196 1066 1258; x_wconf 90' lang='lat' dir='ltr'><strong>salubre</strong></span> 
     </span>
    </p>

    <p class='ocr_par' dir='ltr' id='par_1_12' title="bbox 10 1286 1130 1455">
     <span class='ocr_line' id='line_1_13' title="bbox 35 1286 1067 1367; baseline -0.002 -21"><span class='ocrx_word' id='word_1_82' title='bbox 35 1354 48 1362; x_wconf 54' lang='grc'><em>,</em></span> <span class='ocrx_word' id='word_1_83' title='bbox 159 1286 327 1347; x_wconf 84' lang='lat' dir='ltr'><strong>lomentum</strong></span> <span class='ocrx_word' id='word_1_84' title='bbox 348 1294 403 1347; x_wconf 89' lang='lat' dir='ltr'><strong>est.</strong></span> <span class='ocrx_word' id='word_1_85' title='bbox 445 1289 622 1367; x_wconf 89' lang='lat' dir='ltr'><strong>cuicumque</strong></span> <span class='ocrx_word' id='word_1_86' title='bbox 646 1289 717 1347; x_wconf 93' lang='lat' dir='ltr'><strong>vitio</strong></span> <span class='ocrx_word' id='word_1_87' title='bbox 744 1287 854 1366; x_wconf 91' lang='lat' dir='ltr'><strong>pedum</strong></span> <span class='ocrx_word' id='word_1_88' title='bbox 882 1288 1067 1364; x_wconf 82' lang='lat' dir='ltr'><strong>maximeque</strong></span> 
     </span>
     <span class='ocr_line' id='line_1_14' title="bbox 10 1374 1130 1455; baseline -0.003 -18"><span class='ocrx_word' id='word_1_89' title='bbox 10 1375 76 1429; x_wconf 64' lang='lat' dir='ltr'><strong>rst&#39;</strong></span> <span class='ocrx_word' id='word_1_90' title='bbox 157 1375 279 1437; x_wconf 82' lang='lat' dir='ltr'><strong>trituris</strong></span> <span class='ocrx_word' id='word_1_91' title='bbox 307 1374 399 1435; x_wconf 90' lang='lat' dir='ltr'><strong>cruda</strong></span> <span class='ocrx_word' id='word_1_92' title='bbox 426 1383 513 1436; x_wconf 91' lang='lat' dir='ltr'><strong>tunsa</strong></span> <span class='ocrx_word' id='word_1_93' title='bbox 546 1383 736 1437; x_wconf 85' lang='lat' dir='ltr'><strong>succurrunt.</strong></span> <span class='ocrx_word' id='word_1_94' title='bbox 782 1383 885 1436; x_wconf 92' lang='lat' dir='ltr'><strong>contra</strong></span> <span class='ocrx_word' id='word_1_95' title='bbox 913 1382 1068 1455; x_wconf 87' lang='lat' dir='ltr'><strong>serpentes</strong></span> <span class='ocrx_word' id='word_1_96' title='bbox 1114 1378 1130 1411; x_wconf 87' lang='lat'><strong><em>*</em></strong></span> 
     </span>
    </p>

    <p class='ocr_par' dir='ltr' id='par_1_13' title="bbox 10 1462 1069 1526">
     <span class='ocr_line' id='line_1_15' title="bbox 10 1462 1069 1526; baseline -0.002 -1"><span class='ocrx_word' id='word_1_97' title='bbox 10 1475 40 1515; x_wconf 68' lang='lat'><strong>³³</strong></span> <span class='ocrx_word' id='word_1_98' title='bbox 158 1470 191 1525; x_wconf 85' lang='lat' dir='ltr'><strong>et</strong></span> <span class='ocrx_word' id='word_1_99' title='bbox 223 1465 321 1523; x_wconf 82' lang='lat' dir='ltr'><strong>toxica</strong></span> <span class='ocrx_word' id='word_1_100' title='bbox 352 1462 441 1524; x_wconf 89' lang='lat' dir='ltr'><strong>datur</strong></span> <span class='ocrx_word' id='word_1_101' title='bbox 472 1483 574 1526; x_wconf 90' lang='lat' dir='ltr'><strong>semen</strong></span> <span class='ocrx_word' id='word_1_102' title='bbox 607 1483 642 1525; x_wconf 83' lang='lat' dir='ltr'><strong>ex</strong></span> <span class='ocrx_word' id='word_1_103' title='bbox 673 1467 741 1524; x_wconf 90' lang='lat' dir='ltr'><strong>vino</strong></span> <span class='ocrx_word' id='word_1_104' title='bbox 773 1463 943 1524; x_wconf 89' lang='lat' dir='ltr'><strong>hibendum.</strong></span> <span class='ocrx_word' id='word_1_105' title='bbox 989 1463 1069 1523; x_wconf 89' lang='lat' dir='ltr'><strong>idem</strong></span> 
     </span>
    </p>

    <p class='ocr_par' dir='ltr' id='par_1_14' title="bbox 10 1545 1129 1720">
     <span class='ocr_line' id='line_1_16' title="bbox 10 1545 1067 1632; baseline -0.002 -19"><span class='ocrx_word' id='word_1_106' title='bbox 10 1545 71 1605; x_wconf 68' lang='lat'><strong>51¹⁸.</strong></span> <span class='ocrx_word' id='word_1_107' title='bbox 158 1570 265 1613; x_wconf 86' lang='lat' dir='ltr'><strong>semen</strong></span> <span class='ocrx_word' id='word_1_108' title='bbox 287 1570 325 1613; x_wconf 83' lang='lat' dir='ltr'><strong>ex</strong></span> <span class='ocrx_word' id='word_1_109' title='bbox 342 1553 411 1613; x_wconf 86' lang='lat' dir='ltr'><strong>vino</strong></span> <span class='ocrx_word' id='word_1_110' title='bbox 428 1553 602 1614; x_wconf 87' lang='lat' dir='ltr'><strong>vulneribus</strong></span> <span class='ocrx_word' id='word_1_111' title='bbox 620 1554 773 1613; x_wconf 88' lang='lat' dir='ltr'><strong>venenatis</strong></span> <span class='ocrx_word' id='word_1_112' title='bbox 795 1553 914 1614; x_wconf 90' lang='lat' dir='ltr'><strong>inlitum</strong></span> <span class='ocrx_word' id='word_1_113' title='bbox 936 1551 1067 1632; x_wconf 89' lang='lat' dir='ltr'><strong>prodest.</strong></span> 
     </span>
     <span class='ocr_line' id='line_1_17' title="bbox 120 1640 1129 1720; baseline -0.003 -18"><span class='ocrx_word' id='word_1_114' title='bbox 120 1640 326 1702; x_wconf 74' lang='lat' dir='ltr'><strong>¹lamundum</strong></span> <span class='ocrx_word' id='word_1_115' title='bbox 355 1640 428 1702; x_wconf 91' lang='lat' dir='ltr'><strong>haec</strong></span> <span class='ocrx_word' id='word_1_116' title='bbox 456 1660 557 1702; x_wconf 90' lang='lat' dir='ltr'><strong>semen</strong></span> <span class='ocrx_word' id='word_1_117' title='bbox 585 1645 616 1702; x_wconf 91' lang='lat' dir='ltr'><strong>in</strong></span> <span class='ocrx_word' id='word_1_118' title='bbox 644 1643 724 1720; x_wconf 89' lang='lat' dir='ltr'><strong>rapis</strong></span> <span class='ocrx_word' id='word_1_119' title='bbox 756 1649 856 1720; x_wconf 88' lang='lat' dir='ltr'><strong>potest</strong></span> <span class='ocrx_word' id='word_1_120' title='bbox 883 1640 1011 1702; x_wconf 91' lang='lat' dir='ltr'><strong>calidum</strong></span> <span class='ocrx_word' id='word_1_121' title='bbox 1039 1648 1069 1700; x_wconf 91' lang='lat' dir='ltr'><strong>et</strong></span> <span class='ocrx_word' id='word_1_122' title='bbox 1114 1645 1129 1677; x_wconf 81' lang='lat'>*</span> 
     </span>
    </p>

    <p class='ocr_par' dir='ltr' id='par_1_15' title="bbox 30 1724 1067 1810">
     <span class='ocr_line' id='line_1_18' title="bbox 30 1724 1067 1810; baseline -0.001 -21"><span class='ocrx_word' id='word_1_123' title='bbox 30 1724 59 1777; x_wconf 85' lang='lat' dir='ltr'><strong>i¹</strong></span> <span class='ocrx_word' id='word_1_124' title='bbox 161 1729 281 1791; x_wconf 80' lang='lat' dir='ltr'><strong>fervens</strong></span> <span class='ocrx_word' id='word_1_125' title='bbox 303 1728 414 1810; x_wconf 84' lang='lat' dir='ltr'><strong>videri,</strong></span> <span class='ocrx_word' id='word_1_126' title='bbox 439 1731 504 1809; x_wconf 91' lang='lat' dir='ltr'><strong>ipsa</strong></span> <span class='ocrx_word' id='word_1_127' title='bbox 529 1730 618 1810; x_wconf 90' lang='lat' dir='ltr'><strong>paulo</strong></span> <span class='ocrx_word' id='word_1_128' title='bbox 642 1730 785 1790; x_wconf 87' lang='lat' dir='ltr'><strong>solutiora</strong></span> <span class='ocrx_word' id='word_1_129' title='bbox 808 1729 985 1809; x_wconf 84' lang='lat' dir='ltr'><strong>creduntur,</strong></span> <span class='ocrx_word' id='word_1_130' title='bbox 1016 1729 1067 1788; x_wconf 91' lang='lat' dir='ltr'><strong>sed</strong></span> 
     </span>
    </p>

    <p class='ocr_par' dir='ltr' id='par_1_16' title="bbox 10 1809 1067 1899">
     <span class='ocr_line' id='line_1_19' title="bbox 10 1809 1067 1899; baseline -0.003 -20"><span class='ocrx_word' id='word_1_131' title='bbox 10 1809 61 1859; x_wconf 62' lang='lat'><strong>¹¹⁰¹</strong></span> <span class='ocrx_word' id='word_1_132' title='bbox 161 1816 242 1897; x_wconf 90' lang='lat' dir='ltr'><strong>qnod</strong></span> <span class='ocrx_word' id='word_1_133' title='bbox 274 1818 374 1878; x_wconf 88' lang='lat' dir='ltr'><strong>minus</strong></span> <span class='ocrx_word' id='word_1_134' title='bbox 404 1818 558 1898; x_wconf 88' lang='lat' dir='ltr'><strong>possident</strong></span> <span class='ocrx_word' id='word_1_135' title='bbox 586 1819 706 1899; x_wconf 82' lang='lat' dir='ltr'><strong>caloris,</strong></span> <span class='ocrx_word' id='word_1_136' title='bbox 738 1818 889 1879; x_wconf 91' lang='lat' dir='ltr'><strong>molliendi</strong></span> <span class='ocrx_word' id='word_1_137' title='bbox 919 1824 1067 1897; x_wconf 89' lang='lat' dir='ltr'><strong>potestate</strong></span> 
     </span>
    </p>
   </div>
   <div class='ocr_carea' id='block_1_4' title="bbox 161 2472 1179 2828">
    <p class='ocr_par' dir='ltr' id='par_1_17' title="bbox 161 2472 1179 2828">
     <span class='ocr_line' id='line_1_20' title="bbox 232 2472 1177 2557; baseline 0.001 -29"><span class='ocrx_word' id='word_1_138' title='bbox 232 2474 276 2528; x_wconf 76' lang='lat' dir='ltr'><strong>te.</strong></span> <span class='ocrx_word' id='word_1_139' title='bbox 295 2472 338 2528; x_wconf 92' lang='lat' dir='ltr'><strong>De</strong></span> <span class='ocrx_word' id='word_1_140' title='bbox 355 2489 424 2544; x_wconf 83' lang='lat' dir='ltr'><strong>rapo</strong></span> <span class='ocrx_word' id='word_1_141' title='bbox 442 2488 493 2543; x_wconf 75' lang='lat' dir='ltr'><strong>qo:</strong></span> <span class='ocrx_word' id='word_1_142' title='bbox 512 2472 554 2528; x_wconf 88' lang='lat' dir='ltr'><strong>De</strong></span> <span class='ocrx_word' id='word_1_143' title='bbox 572 2489 642 2542; x_wconf 87' lang='lat' dir='ltr'><strong>rapa</strong></span> <span class='ocrx_word' id='word_1_144' title='bbox 660 2473 769 2544; x_wconf 82' lang='lat' dir='ltr'><strong>ld(rb).</strong></span> <span class='ocrx_word' id='word_1_145' title='bbox 822 2481 899 2529; x_wconf 86' lang='lat'><strong>1—6</strong></span> <span class='ocrx_word' id='word_1_146' title='bbox 919 2490 968 2529; x_wconf 88' lang='lat' dir='ltr'><strong>om.</strong></span> <span class='ocrx_word' id='word_1_147' title='bbox 988 2475 1014 2528; x_wconf 86' lang='lat' dir='ltr'><strong>d.</strong></span> <span class='ocrx_word' id='word_1_148' title='bbox 1062 2480 1075 2528; x_wconf 92' lang='lat'>1</span> <span class='ocrx_word' id='word_1_149' title='bbox 1096 2475 1177 2557; x_wconf 78' lang='lat' dir='ltr'><strong>Rapa</strong></span> 
     </span>
     <span class='ocr_line' id='line_1_21' title="bbox 163 2544 1176 2614; baseline 0 -14"><span class='ocrx_word' id='word_1_150' title='bbox 163 2544 541 2613; x_wconf 58' lang='lat' dir='ltr'><strong>...conmmeatum</strong></span> <span class='ocrx_word' id='word_1_151' title='bbox 568 2544 1040 2614; x_wconf 80' lang='lat' dir='ltr'><strong>Rapam...contrariaml(rt).</strong></span> <span class='ocrx_word' id='word_1_152' title='bbox 1105 2551 1176 2601; x_wconf 80' lang='lat' dir='ltr'><strong>21s:</strong></span> 
     </span>
     <span class='ocr_line' id='line_1_22' title="bbox 161 2613 1177 2686; baseline 0.001 -15"><span class='ocrx_word' id='word_1_153' title='bbox 161 2617 208 2671; x_wconf 87' lang='lat' dir='ltr'><strong>hia</strong></span> <span class='ocrx_word' id='word_1_154' title='bbox 223 2616 291 2686; x_wconf 73' lang='lat' dir='ltr'><strong>pol,</strong></span> <span class='ocrx_word' id='word_1_155' title='bbox 315 2631 349 2671; x_wconf 82' lang='lat' dir='ltr'><strong>ea</strong></span> <span class='ocrx_word' id='word_1_156' title='bbox 366 2616 411 2670; x_wconf 82' lang='lat' dir='ltr'><strong>rb.</strong></span> <span class='ocrx_word' id='word_1_157' title='bbox 466 2621 483 2668; x_wconf 85' lang='lat'><strong>3</strong></span> <span class='ocrx_word' id='word_1_158' title='bbox 502 2613 636 2669; x_wconf 79' lang='lat' dir='ltr'><strong>dionisius</strong></span> <span class='ocrx_word' id='word_1_159' title='bbox 653 2632 705 2686; x_wconf 78' lang='lat' dir='ltr'><strong>qo,</strong></span> <span class='ocrx_word' id='word_1_160' title='bbox 728 2615 871 2685; x_wconf 81' lang='lat' dir='ltr'><strong>dyonisius</strong></span> <span class='ocrx_word' id='word_1_161' title='bbox 890 2618 907 2671; x_wconf 80' lang='lat' dir='ltr'><strong>t.</strong></span> <span class='ocrx_word' id='word_1_162' title='bbox 962 2622 978 2670; x_wconf 85' lang='lat'>5</span> <span class='ocrx_word' id='word_1_163' title='bbox 1004 2617 1037 2670; x_wconf 81' lang='lat' dir='ltr'><strong>A.</strong></span> <span class='ocrx_word' id='word_1_164' title='bbox 1055 2633 1177 2686; x_wconf 84' lang='lat' dir='ltr'><strong>namque</strong></span> 
     </span>
     <span class='ocr_line' id='line_1_23' title="bbox 162 2687 1179 2770; baseline -0.001 -27"><span class='ocrx_word' id='word_1_165' title='bbox 162 2687 341 2770; x_wconf 71' lang='lat' dir='ltr'><strong>representat</strong></span> <span class='ocrx_word' id='word_1_166' title='bbox 356 2687 401 2742; x_wconf 82' lang='lat' dir='ltr'><strong>rb.</strong></span> <span class='ocrx_word' id='word_1_167' title='bbox 422 2687 427 2754; x_wconf 82' lang='lat' dir='ltr'><strong>l</strong></span> <span class='ocrx_word' id='word_1_168' title='bbox 451 2702 516 2740; x_wconf 84' lang='lat' dir='ltr'><strong>eum</strong></span> <span class='ocrx_word' id='word_1_169' title='bbox 533 2687 600 2755; x_wconf 73' lang='lat' dir='ltr'><strong>pot:</strong></span> <span class='ocrx_word' id='word_1_170' title='bbox 627 2702 678 2744; x_wconf 85' lang='lat' dir='ltr'><strong>om.</strong></span> <span class='ocrx_word' id='word_1_171' title='bbox 697 2689 742 2743; x_wconf 78' lang='lat' dir='ltr'><strong>rt.</strong></span> <span class='ocrx_word' id='word_1_172' title='bbox 784 2688 959 2742; x_wconf 76' lang='lat' dir='ltr'><strong>tsnmuntur</strong></span> <span class='ocrx_word' id='word_1_173' title='bbox 975 2689 1041 2758; x_wconf 82' lang='lat' dir='ltr'><strong>qul:</strong></span> <span class='ocrx_word' id='word_1_174' title='bbox 1060 2688 1179 2743; x_wconf 86' lang='lat' dir='ltr'><strong>sumitur</strong></span> 
     </span>
     <span class='ocr_line' id='line_1_24' title="bbox 161 2756 1177 2828; baseline -0.001 -14"><span class='ocrx_word' id='word_1_175' title='bbox 161 2758 274 2827; x_wconf 76' lang='lat' dir='ltr'><strong>(tratum</strong></span> <span class='ocrx_word' id='word_1_176' title='bbox 291 2756 410 2813; x_wconf 84' lang='lat' dir='ltr'><strong>sumitur</strong></span> <span class='ocrx_word' id='word_1_177' title='bbox 428 2759 453 2826; x_wconf 85' lang='lat' dir='ltr'><strong>r)</strong></span> <span class='ocrx_word' id='word_1_178' title='bbox 471 2757 517 2811; x_wconf 83' lang='lat' dir='ltr'><strong>rb.</strong></span> <span class='ocrx_word' id='word_1_179' title='bbox 542 2762 547 2826; x_wconf 89' lang='grc' dir='ltr'>Ι</span> <span class='ocrx_word' id='word_1_180' title='bbox 571 2757 636 2812; x_wconf 79' lang='lat' dir='ltr'><strong>tine</strong></span> <span class='ocrx_word' id='word_1_181' title='bbox 653 2758 755 2827; x_wconf 79' lang='lat' dir='ltr'><strong>incipit</strong></span> <span class='ocrx_word' id='word_1_182' title='bbox 776 2760 808 2813; x_wconf 83' lang='lat' dir='ltr'><strong>d:</strong></span> <span class='ocrx_word' id='word_1_183' title='bbox 835 2758 916 2828; x_wconf 85' lang='lat' dir='ltr'><strong>Rape</strong></span> <span class='ocrx_word' id='word_1_184' title='bbox 932 2776 1063 2815; x_wconf 82' lang='lat' dir='ltr'><strong>venerem</strong></span> <span class='ocrx_word' id='word_1_185' title='bbox 1081 2759 1177 2815; x_wconf 90' lang='lat' dir='ltr'><strong>stimu-</strong></span> 
     </span>
    </p>
   </div>
   <div class='ocr_carea' id='block_1_5' title="bbox 159 2838 1179 3424">
    <p class='ocr_par' dir='ltr' id='par_1_18' title="bbox 159 2838 1179 3139">
     <span class='ocr_line' id='line_1_25' title="bbox 160 2838 1177 2925; baseline -0.001 -14"><span class='ocrx_word' id='word_1_186' title='bbox 160 2856 307 2925; x_wconf 62' lang='lat' dir='ltr'><strong>lantes!</strong></span> <span class='ocrx_word' id='word_1_187' title='bbox 327 2838 456 2909; x_wconf 71' lang='lat' dir='ltr'><strong>munds</strong></span> <span class='ocrx_word' id='word_1_188' title='bbox 469 2855 532 2923; x_wconf 72' lang='lat' dir='ltr'><strong>(aps.</strong></span> <span class='ocrx_word' id='word_1_189' title='bbox 545 2858 627 2924; x_wconf 70' lang='lat' dir='ltr'><strong>cor.)</strong></span> <span class='ocrx_word' id='word_1_190' title='bbox 641 2871 671 2925; x_wconf 65' lang='grc' dir='ltr'><strong>ρ,</strong></span> <span class='ocrx_word' id='word_1_191' title='bbox 691 2854 764 2909; x_wconf 81' lang='lat' dir='ltr'><strong>-nne</strong></span> <span class='ocrx_word' id='word_1_192' title='bbox 776 2857 844 2911; x_wconf 69' lang='lat' dir='ltr'><strong>ora:</strong></span> <span class='ocrx_word' id='word_1_193' title='bbox 864 2857 917 2911; x_wconf 78' lang='lat' dir='ltr'><strong>-ou</strong></span> <span class='ocrx_word' id='word_1_194' title='bbox 930 2858 974 2912; x_wconf 76' lang='lat' dir='ltr'><strong>ro.</strong></span> <span class='ocrx_word' id='word_1_195' title='bbox 1018 2856 1177 2913; x_wconf 72' lang='lat' dir='ltr'><strong>aconens-</strong></span> 
     </span>
     <span class='ocr_line' id='line_1_26' title="bbox 160 2926 1179 2997; baseline -0.001 -14"><span class='ocrx_word' id='word_1_196' title='bbox 160 2928 211 2983; x_wconf 82' lang='lat' dir='ltr'><strong>tnr</strong></span> <span class='ocrx_word' id='word_1_197' title='bbox 227 2943 279 2997; x_wconf 77' lang='lat' dir='ltr'><strong>qo:</strong></span> <span class='ocrx_word' id='word_1_198' title='bbox 303 2926 463 2995; x_wconf 72' lang='lat' dir='ltr'><strong>(mmuntur</strong></span> <span class='ocrx_word' id='word_1_199' title='bbox 481 2927 502 2995; x_wconf 88' lang='lat' dir='ltr'><strong>l,</strong></span> <span class='ocrx_word' id='word_1_200' title='bbox 526 2927 573 2980; x_wconf 81' lang='lat' dir='ltr'><strong>aed</strong></span> <span class='ocrx_word' id='word_1_201' title='bbox 589 2942 678 2995; x_wconf 78' lang='lat' dir='ltr'><strong>supra</strong></span> <span class='ocrx_word' id='word_1_202' title='bbox 695 2928 758 2994; x_wconf 87' lang='lat' dir='ltr'><strong>ser.)</strong></span> <span class='ocrx_word' id='word_1_203' title='bbox 778 2927 946 2982; x_wconf 87' lang='lat' dir='ltr'><strong>condiuntur</strong></span> <span class='ocrx_word' id='word_1_204' title='bbox 964 2928 1011 2995; x_wconf 86' lang='lat' dir='ltr'><strong>ld,</strong></span> <span class='ocrx_word' id='word_1_205' title='bbox 1033 2928 1179 2984; x_wconf 79' lang='lat' dir='ltr'><strong>condiatur</strong></span> 
     </span>
     <span class='ocr_line' id='line_1_27' title="bbox 159 2998 1105 3066; baseline 0.004 -13"><span class='ocrx_word' id='word_1_206' title='bbox 159 2998 209 3053; x_wconf 77' lang='lat' dir='ltr'><strong>rb.</strong></span> <span class='ocrx_word' id='word_1_207' title='bbox 233 3000 241 3066; x_wconf 86' lang='grc'>1</span> <span class='ocrx_word' id='word_1_208' title='bbox 262 2999 369 3052; x_wconf 84' lang='lat' dir='ltr'><strong>tostum</strong></span> <span class='ocrx_word' id='word_1_209' title='bbox 460 2998 663 3052; x_wconf 83' lang='lat' dir='ltr'><strong>contunsumr.</strong></span> <span class='ocrx_word' id='word_1_210' title='bbox 718 2998 882 3053; x_wconf 88' lang='lat' dir='ltr'><strong>8medetnr</strong></span> <span class='ocrx_word' id='word_1_211' title='bbox 899 3000 945 3053; x_wconf 83' lang='lat' dir='ltr'><strong>rb.</strong></span> <span class='ocrx_word' id='word_1_212' title='bbox 968 3002 973 3065; x_wconf 89' lang='grc' dir='ltr'>Ι</span> <span class='ocrx_word' id='word_1_213' title='bbox 995 3000 1105 3054; x_wconf 86' lang='lat' dir='ltr'><strong>fervens</strong></span> 
     </span>
     <span class='ocr_line' id='line_1_28' title="bbox 160 3067 1176 3139; baseline 0 -15"><span class='ocrx_word' id='word_1_214' title='bbox 160 3068 280 3139; x_wconf 77' lang='lat' dir='ltr'><strong>mitigat</strong></span> <span class='ocrx_word' id='word_1_215' title='bbox 297 3110 304 3124; x_wconf 93' lang='lat'><strong>.</strong></span> <span class='ocrx_word' id='word_1_216' title='bbox 319 3110 348 3123; x_wconf 94' lang='lat'><strong>..</strong></span> <span class='ocrx_word' id='word_1_217' title='bbox 367 3067 485 3138; x_wconf 85' lang='lat' dir='ltr'><strong>expellit</strong></span> <span class='ocrx_word' id='word_1_218' title='bbox 501 3068 546 3122; x_wconf 84' lang='lat' dir='ltr'><strong>rb.</strong></span> <span class='ocrx_word' id='word_1_219' title='bbox 567 3070 571 3137; x_wconf 89' lang='grc' dir='ltr'>Ι</span> <span class='ocrx_word' id='word_1_220' title='bbox 595 3068 761 3137; x_wconf 86' lang='lat' dir='ltr'><strong>impositum</strong></span> <span class='ocrx_word' id='word_1_221' title='bbox 779 3086 802 3125; x_wconf 76' lang='lat' dir='ltr'><strong>e.</strong></span> <span class='ocrx_word' id='word_1_222' title='bbox 863 3076 895 3124; x_wconf 92' lang='lat'><strong>11</strong></span> <span class='ocrx_word' id='word_1_223' title='bbox 915 3087 939 3126; x_wconf 85' lang='lat' dir='ltr'><strong>c.</strong></span> <span class='ocrx_word' id='word_1_224' title='bbox 957 3087 1024 3126; x_wconf 84' lang='lat' dir='ltr'><strong>vero</strong></span> <span class='ocrx_word' id='word_1_225' title='bbox 1042 3069 1113 3126; x_wconf 80' lang='lat' dir='ltr'><strong>vitio</strong></span> <span class='ocrx_word' id='word_1_226' title='bbox 1131 3071 1176 3125; x_wconf 83' lang='lat' dir='ltr'><strong>rt.</strong></span> 
     </span>
    </p>

    <p class='ocr_par' dir='ltr' id='par_1_19' title="bbox 159 3139 1178 3424">
     <span class='ocr_line' id='line_1_29' title="bbox 200 3139 1178 3211; baseline -0.001 -16"><span class='ocrx_word' id='word_1_227' title='bbox 200 3145 235 3195; x_wconf 74' lang='lat'><strong>12</strong></span> <span class='ocrx_word' id='word_1_228' title='bbox 253 3139 341 3195; x_wconf 84' lang='lat' dir='ltr'><strong>cruda</strong></span> <span class='ocrx_word' id='word_1_229' title='bbox 357 3141 423 3193; x_wconf 85' lang='lat' dir='ltr'><strong>tusa</strong></span> <span class='ocrx_word' id='word_1_230' title='bbox 440 3141 606 3193; x_wconf 84' lang='lat' dir='ltr'><strong>succurrunt</strong></span> <span class='ocrx_word' id='word_1_231' title='bbox 622 3140 667 3194; x_wconf 81' lang='lat' dir='ltr'><strong>tie</strong></span> <span class='ocrx_word' id='word_1_232' title='bbox 685 3142 728 3209; x_wconf 83' lang='lat' dir='ltr'><strong>(ut</strong></span> <span class='ocrx_word' id='word_1_233' title='bbox 745 3141 825 3208; x_wconf 77' lang='lat' dir='ltr'><strong>iufra</strong></span> <span class='ocrx_word' id='word_1_234' title='bbox 841 3157 866 3197; x_wconf 85' lang='lat' dir='ltr'><strong>o.</strong></span> <span class='ocrx_word' id='word_1_235' title='bbox 887 3147 920 3195; x_wconf 87' lang='grc'><strong>16</strong></span> <span class='ocrx_word' id='word_1_236' title='bbox 938 3140 1003 3211; x_wconf 84' lang='lat' dir='ltr'><strong>ipsa</strong></span> <span class='ocrx_word' id='word_1_237' title='bbox 1020 3144 1078 3210; x_wconf 82' lang='lat' dir='ltr'><strong>ete.)</strong></span> <span class='ocrx_word' id='word_1_238' title='bbox 1096 3142 1178 3195; x_wconf 82' lang='lat' dir='ltr'><strong>etiam</strong></span> 
     </span>
     <span class='ocr_line' id='line_1_30' title="bbox 159 3210 1176 3280; baseline -0.001 -13"><span class='ocrx_word' id='word_1_239' title='bbox 159 3211 209 3267; x_wconf 82' lang='lat' dir='ltr'><strong>rt.</strong></span> <span class='ocrx_word' id='word_1_240' title='bbox 256 3216 290 3265; x_wconf 79' lang='lat' dir='ltr'><strong>le</strong></span> <span class='ocrx_word' id='word_1_241' title='bbox 308 3211 387 3265; x_wconf 84' lang='lat' dir='ltr'><strong>idem</strong></span> <span class='ocrx_word' id='word_1_242' title='bbox 400 3211 467 3279; x_wconf 75' lang='lat' dir='ltr'><strong>qul:</strong></span> <span class='ocrx_word' id='word_1_243' title='bbox 485 3210 613 3279; x_wconf 86' lang='lat' dir='ltr'><strong>Itemque</strong></span> <span class='ocrx_word' id='word_1_244' title='bbox 627 3212 673 3266; x_wconf 82' lang='lat' dir='ltr'><strong>et.</strong></span> <span class='ocrx_word' id='word_1_245' title='bbox 720 3218 753 3264; x_wconf 85' lang='grc'><strong>14</strong></span> <span class='ocrx_word' id='word_1_246' title='bbox 772 3227 807 3265; x_wconf 86' lang='lat' dir='ltr'><strong>ex</strong></span> <span class='ocrx_word' id='word_1_247' title='bbox 818 3211 886 3267; x_wconf 85' lang='lat' dir='ltr'><strong>vino</strong></span> <span class='ocrx_word' id='word_1_248' title='bbox 899 3218 964 3280; x_wconf 77' lang='lat' dir='ltr'><strong>post</strong></span> <span class='ocrx_word' id='word_1_249' title='bbox 976 3212 1176 3267; x_wconf 81' lang='lat' dir='ltr'><strong>venenatisrb.</strong></span> 
     </span>
     <span class='ocr_line' id='line_1_31' title="bbox 163 3281 1177 3355; baseline -0.001 -18"><span class='ocrx_word' id='word_1_250' title='bbox 163 3281 420 3355; x_wconf 66' lang='lat' dir='ltr'><strong>irritantque).</strong></span> <span class='ocrx_word' id='word_1_251' title='bbox 476 3283 703 3351; x_wconf 78' lang='lat' dir='ltr'><strong>1osqq.om.d.</strong></span> <span class='ocrx_word' id='word_1_252' title='bbox 766 3289 798 3337; x_wconf 87' lang='lat'><strong>16</strong></span> <span class='ocrx_word' id='word_1_253' title='bbox 817 3282 881 3353; x_wconf 89' lang='lat' dir='ltr'><strong>Ipso</strong></span> <span class='ocrx_word' id='word_1_254' title='bbox 905 3285 922 3336; x_wconf 88' lang='lat' dir='ltr'><strong>l.</strong></span> <span class='ocrx_word' id='word_1_255' title='bbox 988 3289 1021 3338; x_wconf 85' lang='lat'><strong>18</strong></span> <span class='ocrx_word' id='word_1_256' title='bbox 1048 3299 1177 3351; x_wconf 88' lang='lat' dir='ltr'><strong>compen·</strong></span> 
     </span>
     <span class='ocr_line' id='line_1_32' title="bbox 160 3353 1178 3424; baseline -0.002 -15"><span class='ocrx_word' id='word_1_257' title='bbox 160 3355 260 3424; x_wconf 65' lang='lat' dir='ltr'><strong>sante</strong></span> <span class='ocrx_word' id='word_1_258' title='bbox 277 3354 452 3423; x_wconf 84' lang='lat' dir='ltr'><strong>(compensat</strong></span> <span class='ocrx_word' id='word_1_259' title='bbox 465 3354 530 3421; x_wconf 72' lang='lat' dir='ltr'><strong>br):</strong></span> <span class='ocrx_word' id='word_1_260' title='bbox 550 3355 718 3423; x_wconf 76' lang='lat' dir='ltr'><strong>conpensant</strong></span> <span class='ocrx_word' id='word_1_261' title='bbox 731 3370 760 3423; x_wconf 86' lang='lat' dir='ltr'><strong>o,</strong></span> <span class='ocrx_word' id='word_1_262' title='bbox 779 3355 960 3424; x_wconf 80' lang='lat' dir='ltr'><strong>compescant</strong></span> <span class='ocrx_word' id='word_1_263' title='bbox 973 3355 983 3407; x_wconf 85' lang='lat' dir='ltr'><strong>l</strong></span> <span class='ocrx_word' id='word_1_264' title='bbox 996 3353 1089 3422; x_wconf 87' lang='lat' dir='ltr'><strong>(plene</strong></span> <span class='ocrx_word' id='word_1_265' title='bbox 1103 3370 1178 3408; x_wconf 90' lang='lat' dir='ltr'><strong>com-</strong></span> 
     </span>
    </p>
   </div>
   <div class='ocr_carea' id='block_1_6' title="bbox 159 3424 354 3495">
    <p class='ocr_par' dir='ltr' id='par_1_20' title="bbox 159 3424 354 3495">
     <span class='ocr_line' id='line_1_33' title="bbox 159 3424 354 3495; baseline -0.01 -15"><span class='ocrx_word' id='word_1_266' title='bbox 159 3426 281 3495; x_wconf 73' lang='lat' dir='ltr'><strong>pescant</strong></span> <span class='ocrx_word' id='word_1_267' title='bbox 297 3424 354 3494; x_wconf 82' lang='lat' dir='ltr'><strong>rt).</strong></span> 
     </span>
    </p>
   </div>
   <div class='ocr_carea' id='block_1_7' title="bbox 0 0 1212 3802">
    <p class='ocr_par' dir='ltr' id='par_1_21' title="bbox 0 0 1212 3802">
     <span class='ocr_line' id='line_1_34' title="bbox 0 0 1212 3802; baseline 0 0"><span class='ocrx_word' id='word_1_268' title='bbox 0 0 1212 3802; x_wconf 95' lang='lat' dir='ltr'><strong> </strong></span> 
     </span>
    </p>
   </div>
  </div>
 </body>
</html>
