2416 3802
451 130 694 196 -195-

63 296 199 375 cutiunt,
222 292 385 376 efficacius,
408 295 434 354 si
457 296 501 355 eis
523 296 637 355 nitrum
659 294 705 356 vel
728 295 781 354 iris
805 299 974 359 accesserit

64 390 169 446 coctae
197 401 234 443 ex
262 399 338 461 aqua
366 399 436 444 cum
467 382 579 462 hysopo
612 383 683 444 dant
714 384 873 461 potionem·
898 402 975 464 quae

61 479 172 552 pectus
190 477 351 551 expurget
377 473 451 532 item
469 478 571 532 coctae
590 490 660 533 oum
677 474 746 532 rino
765 471 829 533 sedi
846 476 976 535 tumenti

63 567 217 642 praestant
240 559 368 621 salutare
392 560 565 622 lomentum.
598 561 681 640 ipsae
703 579 802 642 panno
824 561 925 623 inlitae
944 570 975 624 et

36 651 210 729 sinpositae
241 648 393 728 paniculas
429 649 579 728 parotidas
613 650 790 712 furunculos
821 660 974 730 rumpunt.

62 740 137 799 item
160 755 229 798 cum
256 737 325 798 inno
348 755 455 817 graeco
479 756 514 798 ex
537 756 613 817 aqua
640 739 780 813 decoctae
810 739 974 801 lomentum

36 890 40 895 ,
64 827 182 903 iaciunt·
201 825 281 906 quod
302 828 457 909 'extinguat
478 828 548 907 vitia
568 830 739 910 matricum,
763 845 831 889 cum
854 836 922 889 ruta
945 836 976 889 et

63 914 151 976 melle
175 912 375 995 dantsucum
398 916 450 994 qui
472 934 489 976 a
511 913 684 994 pleureticts
713 924 744 978 et
769 915 910 997 pulmone
933 920 974 978 vi·
1069 949 1070 954 κ

62 1005 145 1065 tiatis
165 1001 324 1084 salubriter
341 1002 511 1065 hauriatur.
548 1003 713 1085 cum'aeris
735 1005 809 1066 llore
829 1008 974 1080 contritae

26 1107 50 1146 ιο
63 1091 282 1153 molestissimis
305 1091 446 1153 tibiarum
464 1091 638 1154 vulneribus
658 1096 852 1174 inponuntur.
882 1086 973 1157 'tritae

62 1200 134 1242 cum
161 1180 221 1242 sale
250 1182 440 1260 scorpionum
473 1181 567 1260 plagis
602 1182 767 1244 medentur.
786 1184 789 1201 ⁷
809 1185 974 1244 carceratis

63 1276 176 1349 quanto
204 1271 378 1349 pinguiores
405 1270 517 1330 luerint
546 1272 633 1331 tritae
662 1278 693 1331 et
718 1273 864 1350 inpositae
890 1279 973 1333 tanto
1013 1292 1015 1296 ¹

76 1591 81 1597 ἱ
126 1516 254 1574 Ficorum
281 1524 377 1572 natura
406 1515 564 1574 calidissima
598 1527 670 1576 ests
696 1517 765 1575 ficus
794 1520 893 1577 virides
921 1519 971 1576 hu·
991 1526 1047 1592 (to)

62 1609 182 1660 nectant
203 1608 233 1658 et
253 1598 391 1658 deducunt
414 1610 441 1658 et
470 1600 654 1661 caleioclu'nts
676 1601 836 1662 humectant
850 1602 973 1678 ¹quidem

21 1699 45 1739 15
55 1678 126 1761 'quia
149 1684 245 1760 pingui
267 1701 334 1742 suco
349 1695 430 1757 sunt,
452 1685 613 1743 cal'elaclunt
627 1694 716 1744 autem
733 1696 847 1764 propter
868 1700 972 1746 sucum.

61 1779 215 1847 egeruntur
225 1771 305 1827 etiam
316 1769 459 1828 dulcedine
474 1771 605 1844 ipsorum.
633 1764 857 1848 primi'ergd'q'ui
872 1773 986 1832 luerint

61 1856 173 1931 pessimi
194 1862 260 1911 sunt
281 1864 395 1929 propter
416 1855 524 1910 nimiam
545 1857 748 1930 austeritatem,
771 1857 973 1937 subsequentes

60 1940 189 1997 meliores
204 1947 277 1996 sunt.
308 1940 372 1996 sicci
387 1937 541 1997 calidissimi
557 1948 638 2013 sunt,
653 1941 700 2019 sed
717 1948 878 2015 egeruntur.
909 1944 972 2000 sicci

57 2020 134 2082 'cocti
161 2025 189 2079 in
219 2038 290 2101 aqua>
318 2036 379 2080 cum
406 2039 497 2098 ysopo,
522 2022 611 2080 omnia
638 2024 799 2100 pulmonum
821 2028 884 2084 vitia
911 2044 972 2084 cum

14 2127 46 2168 ro
63 2109 134 2166 tussi
156 2116 270 2187 curant„
285 2104 433 2164 'triticum
456 2100 734 2166 melte'oaruuncutos
755 2111 905 2169 vel-ulcera
927 2129 974 2169 cn·
1026 2118 1033 2179 ζ

62 2201 133 2250 rant.
170 2192 278 2272 inlusus
299 2192 328 2248 in
351 2192 436 2248 mulsa
459 2190 559 2266 pedum
579 2192 720 2251 doloribus
736 2211 796 2253 cum
818 2196 973 2272 podagricis
1075 2246 1078 2252 .

61 2277 189 2353 prodest.
461 2280 463 2285 ’
508 2280 511 2285 ’
876 2288 879 2293 “
929 2294 932 2299 ’

129 2429 178 2481 ΒΘ
196 2442 271 2481 uva·
990 2447 1048 2515 (77)

126 2521 181 2578 Ura
196 2521 280 2578 calida
296 2529 338 2578 est
360 2528 388 2578 et
410 2523 519 2579 humida
533 2532 561 2580 et
583 2524 714 2598 egeritur.
753 2525 864 2582 matina
880 2531 970 2581 antem

60 2606 120 2663 alba
144 2622 212 2680 quae
234 2606 317 2662 luerit
338 2606 459 2665 calefacit
481 2606 604 2682 fortiter,
627 2609 688 2665 ideo
712 2610 775 2683 quia
789 2608 906 2665 multum
927 2624 968 2665 ca-

132 2843 319 2899 tEfficacius
338 2830 436 2899 numm
464 2844 558 2901 si...
578 2846 589 2898 l
611 2845 678 2912 (non
699 2847 756 2915 po).
779 2846 783 2913 Ι
808 2844 891 2899 sicis
908 2845 982 2915 gnta
1004 2844 1077 2900 siin

58 2916 100 2972 eis
116 2916 166 2985 rb,
186 2914 331 2986 niomium)
349 2914 390 2970 eis
407 2914 532 2985 diiris
549 2917 639 2986 gold:
657 2914 715 2984 gris
732 2933 760 2983 r,
779 2915 899 2985 hyrisb.
954 2921 1076 2986 tysopo

56 2989 112 3058 gol
130 2986 219 3058 (isopo
237 2989 277 3056 r)=
300 2986 422 3056 hyssopo
441 2987 465 3041 b.
516 2992 533 3041 3
552 2987 624 3041 Item
641 2988 693 3042 rb:
716 2986 796 3042 Idem
812 3003 866 3057 go,
888 2986 995 3043 Eadem
1013 2986 1076 3058 idi

57 3058 119 3114 sedi
136 3075 187 3129 go:
206 3058 272 3129 pedi
290 3058 331 3113 td.
352 3061 358 3124 1
382 3057 511 3112 tumendi
529 3059 590 3127 (sio)
608 3074 633 3127 p.
688 3063 706 3112 4
723 3059 832 3127 prestat
849 3059 891 3115 td.
947 3063 963 3112 6
981 3057 1077 3112 furun-

57 3130 137 3185 culos
154 3131 245 3200 gold:
269 3130 378 3199 -losqne
396 3129 440 3183 rb.
462 3128 467 3200 Ι
490 3128 598 3198 rumpit
615 3129 662 3184 td
717 3136 733 3184 6
752 3130 880 3198 Itemque
898 3129 942 3184 rb.
965 3132 969 3198 Ι
992 3128 1076 3185 foeno

56 3219 99 3273 gr.
118 3218 150 3271 9,
166 3201 233 3256 feno
251 3219 292 3271 gr.
311 3200 367 3254 old
385 3200 652 3270 (foenugraeco‘rt).
698 3205 713 3253 7
734 3200 880 3270 extinguet
893 3218 919 3255 v.
934 3218 970 3254 m.
985 3201 1075 3269 gold:

56 3292 86 3329 v.
103 3291 141 3330 m.
160 3271 301 3342 extinguit
322 3272 367 3326 rb.
431 3275 448 3325 8
472 3271 542 3325 dant
564 3288 661 3326 sucum
683 3273 784 3340 gold:¹
802 3288 898 3326 sucum
921 3270 990 3324 dant
1008 3270 1076 3342 riui

58 3343 110 3415 qui
128 3361 157 3399 a:
179 3362 205 3414 qr
226 3344 313 3413 (quia)
326 3359 351 3397 o.
373 3346 377 3413 Ι
397 3341 506 3398 vitiatis
523 3343 616 3412 gold:
644 3341 722 3397 vitiis
740 3344 784 3398 rb.
836 3341 1076 3411 econtritoeite)

56 3416 149 3487 gold:
168 3414 254 3470 tritae
272 3416 317 3471 rb.-
369 3421 402 3470 10
420 3413 558 3469 molestiis
577 3414 603 3468 d.
621 3414 625 3484 1
640 3412 785 3482 tybiarum
803 3415 848 3468 rb.
896 3419 928 3466 11
949 3429 1077 3467 cancera-

57 3487 97 3542 tis
113 3530 155 3544 ...
170 3485 349 3542 subveniunt:
364 3487 404 3541 sic
414 3487 531 3554 (mutata
540 3485 769 3555 tote-ponctiano)
784 3485 1074 3552 <incommoditati

869 3571 927 3628 ts*
