2416 3802
462 99 680 163 ...37-

64 260 151 322 melle
178 262 210 320 in
238 259 304 320 oibo
333 267 457 339 sumpta.
501 268 531 322 ct
558 263 633 322 tussi
661 268 692 320 et
718 278 809 340 puru-

62 348 153 410 lentis
185 347 423 410 excreationibus
459 348 603 410 medetur.
654 348 811 410 adversum
837 359 926 423 2335.

63 436 236 499 diuturnam
263 437 369 498 tussim
397 436 543 498 falernum
566 439 668 498 vinum
698 436 810 497 utiliter

58 524 204 609 *sorbetur
235 542 352 586 merum
379 523 415 584 ab
447 527 564 588 ieiunis.
605 525 679 587 ficus
711 524 809 585 aridae
837 535 942 600 natta.

37 620 236 692 scoquuntur
254 631 324 673 cnm
340 611 453 693 hysopo
472 632 509 674 ex
528 630 604 692 aqua
627 631 720 691 eaque
735 632 810 691 aqua

37 700 260 771 'tussientibus
291 702 475 781 propinatur.
521 709 591 765 sunt
623 701 810 762 membranae
838 712 928 776 soto

62 791 94 851 in
108 788 263 851 ventribus
277 789 506 868 gallinaceorum
521 807 595 868 quae
609 791 810 869 proiciuntur:

63 877 170 938 barum
197 879 272 937 cinis
298 877 471 957 potionibus
500 879 654 957 inspersus
682 877 810 939 destilla-

63 967 299 1045 tionespectoris
309 973 340 1027 et
348 964 485 1026 humidas
493 973 592 1027 tusses
602 968 703 1028 siccat.
716 974 811 1028 testae
873 970 913 1024 ib.

26 1066 51 1106 10
65 1053 183 1115 cocleae
198 1053 307 1114 crudae
322 1056 408 1115 tritae
424 1072 493 1115 oum
507 1072 600 1134 aquae
615 1054 730 1134 tepidae
745 1074 810 1136 cya-

64 1141 124 1203 this
141 1141 239 1203 tribus
258 1141 425 1203 sorbentur.
463 1142 499 1202 ad
522 1145 629 1204 tussim
652 1143 811 1204 sedandam
838 1154 926 1218 30,49.

64 1229 181 1291 cocleae
202 1248 270 1291 cum
288 1231 374 1291 testis
393 1232 455 1292 suis
478 1233 565 1291 tritae
584 1231 698 1292 adiecto
723 1249 810 1292 croco

10 1368 12 1375 .
64 1317 204 1379 eduntur.
241 1336 344 1379 sevum
363 1321 462 1380 ovium
480 1320 637 1381 decoctum
656 1337 725 1380 cum
743 1321 810 1379 vino
839 1329 924 1392 eobo.

64 1414 185 1468 austero
202 1408 279 1467 tussi
296 1407 440 1486 medetur.
468 1426 522 1468 ova
541 1416 624 1470 cocta
642 1426 711 1469 oum
725 1407 810 1468 melle
838 1417 926 1480 teet,

28 1507 51 1548 1⁶
64 1497 135 1556 trita
162 1496 193 1554 in
221 1494 288 1555 cibo
310 1495 427 1556 dantur.
464 1514 518 1556 ova
548 1496 639 1557 cruda
666 1498 811 1576 permixta
845 1496 910 1574 cb.

10 1616 12 1621 ·
64 1600 133 1645 cum
155 1585 220 1661 pari
243 1583 330 1644 modo
357 1585 438 1663 passi
464 1582 616 1645 bibuntur.
654 1583 812 1645 sandaraca
838 1593 943 1656 34‚177.

63 1689 135 1732 cum
157 1673 256 1732 resina
283 1671 483 1732 terebinthina
506 1691 560 1733 ovo
589 1671 692 1733 sorbili
719 1673 811 1733 indita
866 1699 868 1704 ·

63 1759 171 1821 editur.
203 1761 341 1821 ursinum
363 1758 403 1821 iel
424 1761 606 1839 permixtum
624 1778 693 1821 cum
716 1760 811 1821 melle.
839 1769 946 1832 natae.

63 1847 172 1908 salivae
186 1849 256 1926 equi
273 1846 373 1910 triduo
391 1855 509 1927 potatae
528 1851 622 1910 ternis
640 1847 811 1928 potionibus
874 1848 910 1902 ib.

26 1947 50 1988 2⁰
63 1954 100 1996 ex
114 1952 191 2014 aqua
205 1933 298 1996 calida
317 1944 434 1998 sanant:
452 1954 564 2015 equum
577 1938 668 1996 morti
681 1936 811 2017 tradunt,

61 2023 215 2084 bominem
233 2032 345 2085 sanant.
381 2023 483 2103 pulmo
505 2020 642 2086 cervinus
658 2042 725 2085 cum
744 2023 811 2104 gula
874 2026 910 2082 ib.

62 2112 212 2173 arefactus
233 2114 265 2172 in
288 2112 383 2194 fumo,
411 2111 517 2174 deinde
546 2120 632 2173 tusus
661 2131 697 2173 ex
725 2113 811 2173 melle

61 2199 185 2262 cottldie
205 2198 376 2262 sumendus.
414 2200 659 2262 sorbitiunculam
679 2219 715 2262 ex
738 2201 811 2262 alica
839 2211 943 2275 28,231.

60 2306 132 2349 sevo
153 2290 273 2368 caprino
292 2296 468 2368 perunctam
486 2287 583 2371 dabis,
605 2291 702 2369 picem
725 2288 810 2368 liqui·
839 2299 926 2362 24‚40.

22 2389 46 2431 2⁵
60 2375 129 2437 dam
152 2377 184 2436 in
207 2395 270 2438 oro.
307 2379 391 2437 iecur
409 2376 472 2457 lupi
491 2386 609 2439 coctum
629 2381 693 2440 esui
716 2377 811 2438 datm‘.
839 2387 945 2452 28‚198.

133 2657 149 2705 1
169 2651 283 2724 sumpto
305 2653 378 2724 (M):
406 2657 518 2725 tumpto
540 2671 571 2724 p,
596 2656 708 2725 tumpto
727 2670 791 2708 cum
813 2652 917 2708 sabaa
944 2651 1019 2719 (boec
1037 2653 1078 2708 oto

58 2722 201 2779 contram
217 2740 245 2778 r:
270 2739 358 2795 eaque
377 2724 443 2781 faba
460 2726 490 2780 in
508 2725 571 2780 cibo
589 2725 634 2780 vel
654 2743 688 2781 ex
705 2725 789 2780 melle
807 2726 927 2793 sumpta.
950 2724 1024 2778 unde
1041 2724 1077 2796 b).

105 2800 122 2849 6
151 2793 336 2864 propinantur
362 2797 412 2865 pol.
484 2795 717 2852 8dietillationes
740 2796 790 2866 qd.
863 2793 1019 2866 epeotoris
1069 2817 1079 2850 ε
1123 2858 1127 2866 ,

58 2863 182 2935 pectinis
200 2865 227 2921 d.
253 2867 257 2934 Ι
282 2868 312 2921 et
329 2865 458 2922 humidas
475 2868 566 2921 tusses
583 2865 678 2922 siccat.
696 2868 798 2922 testae:
817 2865 852 2932 cf.
869 2866 914 2920 Pl.
934 2867 963 2920 et
981 2864 1041 2920 umi

59 2934 229 3006 (damulti)
239 2937 339 3001 tussim
348 2938 499 2993 velrecens
508 2938 600 2993 tosta
609 2937 687 2995 lenit.
707 2936 823 2992 Cocleae
834 2937 935 2992 crudae
949 2936 1075 2992 tritae...

58 3007 155 3076 conoe
171 3008 263 3062 bastae
281 3007 326 3062 bie
343 3013 441 3062 cotum
457 3009 565 3063 videtur
583 3024 617 3062 ear
636 3008 714 3064 Ptin.
733 3010 815 3064 toste.
868 3014 901 3062 12
916 3007 1035 3063 testibus
1049 3010 1076 3064 d.

61 3076 195 3148 {adiecto
219 3093 299 3133 croco
321 3079 416 3148 pd(r):
444 3094 507 3132 oum
526 3080 659 3148 protropo
679 3079 756 3136 Ptin.
830 3084 864 3133 14
886 3078 992 3135 austeri
1009 3079 1076 3150 poti

58 3146 162 3204 tussim
178 3163 204 3218 p.
270 3154 303 3203 16
322 3166 385 3204 oum
403 3164 486 3218 passo
505 3149 616 3220 oleique
633 3149 697 3220 pori
714 3150 798 3206 modo
818 3150 863 3204 Pl.
929 3155 962 3205 17
982 3165 1036 3204 ovo
1055 3167 1076 3204 s.

11 3274 15 3283 ,
59 3218 153 3275 indita
179 3234 229 3275 orn.
255 3219 301 3274 Pl.
375 3225 408 3275 19
436 3220 523 3276 ternis
550 3220 711 3290 potionibus
734 3237 768 3276 ex
795 3238 820 3276 a.
841 3236 863 3274 o.
887 3236 937 3276 om.
959 3221 1003 3274 Pl.

60 3294 95 3345 20
113 3291 374 3359 equum-sonant
391 3292 443 3362 ab:
462 3306 513 3347 om.
532 3292 558 3347 d.
582 3294 585 3360 Ι
611 3292 707 3346 morti:
725 3291 798 3346 mori
817 3291 862 3345 Pl.
935 3296 969 3346 23
989 3289 1077 3344 sorbi-

58 3359 216 3416 tiunculam
234 3376 284 3429 pr:
314 3360 418 3418 Sorbiti
436 3362 543 3432 ungula
565 3362 662 3432 (aiud
689 3363 780 3434 (pulte
802 3361 926 3418 alicacia.
944 3361 1016 3428 Pin.

60 3436 95 3485 24
113 3446 195 3487 seno:
215 3432 276 3504 seul
292 3450 318 3503 p.
391 3439 425 3488 25
445 3431 504 3488 esui
522 3449 574 3502 pr:
594 3433 661 3490 usui
680 3435 708 3492 rt.
