2384 3796
517 107 760 172 -136-

241 270 347 331 breves
365 269 472 350 pilulas
491 269 709 350 deformantur,
732 287 771 330 ex
795 268 907 350 qidbus
925 288 988 332 uua
1006 271 1055 332 vel
1072 271 1148 353 duae,

243 361 268 420 si
297 359 390 420 febris
414 376 474 419 non
498 359 602 439 luerit,
629 357 712 439 dulei·
732 360 801 419 vino
827 358 981 421 resolutae
1004 367 1147 440 potantrrr.

241 450 268 508 si
291 450 370 508 enim
393 446 486 508 lebris
510 447 610 528 luerit,
633 464 708 526 aqua
726 447 875 509 resolutae
899 447 1068 511 dormitum
1084 466 1147 511 eun

241 535 323 598 tibus
336 537 542 616 propinantur.
576 543 720 614 quantum
733 536 807 597 haee
824 538 908 615 potio
927 537 1028 599 valeat
1045 540 1147 599 norm

242 625 323 687 nulla
337 624 487 686 calamitas
504 626 652 703 coegisset
669 632 704 685 ut
718 627 924 704 experimento
938 643 1009 687 meo
1029 632 1168 687 nossent

138 813 184 874 Pl·
200 819 243 883 20,
264 780 267 784 Ι
311 825 372 881 ΠΙ.
394 826 444 880 De
466 827 577 880 ruta.-

312 943 420 1004 llutam
439 942 521 1015 valde
545 939 717 1003 hominibus
741 908 901 1004 salutarem
925 952 1078 1007 testantur
1109 951 1145 1005 tot

169 892 211 943 61.

244 1031 376 1094 antidota
400 1031 585 1093 medicorum
612 1029 723 1111 quide
747 1033 813 1092 eius
836 1033 959 1093 nomine
981 1033 1143 1114 gloriantur.

182 1130 197 1163 *
244 1119 394 1199 equibus
422 1139 516 1181 unum
544 1138 605 1180 non
632 1119 738 1181 inutile
767 1137 913 1199 exponam
941 1121 1143 1202 repertumin

244 1211 378 1289 aegyptia
407 1208 484 1269 lovis
507 1210 625 1270 civitate
654 1215 743 1287 atque
767 1206 836 1269 inde
865 1208 963 1271 adhue
986 1208 1141 1291 Diospoliti·

245 1316 314 1360 cum
328 1296 441 1359 dietum
455 1296 646 1377 diapeganon
675 1297 861 1357 stomachum
874 1299 998 1380 excitat,
1017 1298 1141 1379 digestio

245 1404 313 1447 nem
329 1385 547 1466 adcommodat,
567 1385 664 1446 alvum
678 1384 785 1466 mollit,
807 1385 898 1446 bilem
913 1394 1070 1469 extenuat,
1086 1387 1142 1446 vitu

244 1477 376 1553 pectoris
399 1472 502 1534 lateris
524 1476 633 1534 iecoris
657 1491 691 1534 ao
714 1491 822 1534 renum
833 1476 965 1554 ¹mitigat.
999 1476 1141 1537 coniicitur

245 1564 303 1622 sio:
330 1569 416 1622 rutae
435 1561 537 1621 u'ridis
562 1595 604 1604 -
627 1577 679 1643 vl,
702 1564 812 1642 cymini
834 1594 876 1605 —
896 1577 949 1645 VI,
978 1565 1092 1644 piperis
1109 1592 1141 1605 -

245 1663 296 1730 vl,
319 1651 392 1710 nitri
415 1682 457 1691 -—
481 1662 531 1710 111.
575 1653 725 1729 eyminum
753 1658 837 1711 aoeto
864 1654 950 1731 prius
978 1659 1141 1728 maceratur,

247 1897 307 1938 oum
334 1897 404 1955 pane
430 1881 604 1955 superposita
632 1879 789 1955 lippitudini
823 1879 969 1938 medentur
994 1891 1024 1939 et
1050 1894 1141 1938 omnen

248 1973 384 2022 tumorem
413 1972 600 2040 compescunt.
637 1963 728 2037 ipsum
749 1965 840 2039 apium
861 1964 947 2022 viride
974 1966 1070 2023 tritum
1093 1979 1141 2022 eor·

246 2050 306 2122 pori
341 2048 466 2106 infricato
490 2048 535 2105 ubi
558 2049 597 2105 vis
626 2048 700 2124 quod
722 2047 823 2106 variola
838 2064 893 2105 non
916 2057 1051 2111 transeat:
1072 2050 1140 2107 lunt

247 2149 339 2189 semen
362 2133 414 2206 apii
436 2134 531 2189 tritum
547 2141 574 2190 et
589 2131 662 2190 allud
686 2140 791 2190 tantum
806 2149 899 2190 semen
920 2135 1010 2209 aneti,
1032 2132 1141 2192 similiter

246 2233 338 2274 semen
353 2218 505 2292 yosoyami,
528 2217 582 2293 apii
602 2235 695 2276 oomae
715 2217 833 2274 medium
856 2225 977 2291 tantum,
1001 2221 1064 2278 triu
1076 2216 1140 2273 etei·

247 2301 338 2375 brata,
361 2319 510 2375 conspersa
524 2319 609 2376 aqua,
633 2301 745 2376 pillulae
760 2301 923 2376 figurentur.
953 2303 976 2360 si
1000 2303 1087 2361 lebret
1105 2297 1165 2356 ad!

246 2385 366 2460 luerint,
391 2403 443 2443 una
465 2394 512 2443 aut
534 2386 605 2444 duae
629 2388 656 2443 in
680 2403 749 2460 aqua
763 2386 871 2443 solutae
893 2385 1017 2445 cubitum
1031 2383 1140 2446 emito

247 2470 362 2528 dentur:
386 2471 483 2528 mirum
506 2465 574 2548 est]

213 2745 351 2813 tpilules
368 2746 420 2814 pb:
449 2744 563 2814 pillulas
583 2744 651 2813 Ην).
669 2745 673 2812 Ι
690 2760 724 2799 ex
742 2742 856 2812 quibus:
883 2743 918 2798 ab
935 2744 1087 2801 mombis
1099 2743 1143 2797 iet.

139 2815 197 2868 eod.
222 2814 313 2884 Lopd.
334 2816 379 2884 (v).
434 2821 450 2868 2
474 2815 498 2870 si
520 2814 606 2870 febris
628 2831 686 2869 non
708 2846 742 2855 -
760 2814 896 2884 potentur
918 2829 970 2869 om.
993 2832 1011 2870 r
1034 2816 1100 2884 (ooo
1116 2811 1144 2879 bl

143 2883 285 2954 {resoluta
303 2886 328 2939 b.
374 2884 482 2940 tanim
500 2892 551 2942 dm.
565 2887 610 2940 rb.
627 2885 632 2957 l
647 2884 851 2940 resoluteorb.
897 2885 1026 2941 tnullm
1044 2886 1146 2949 nollit,

139 2953 248 3009 nullom
273 2956 289 3010 b
322 2957 358 3024 (1,
386 2957 465 3011 nullu
492 2958 533 3014 ed.
562 2956 648 3026 Vm).
675 2956 680 3024 Ι
710 2955 849 3026 coegisset
875 2955 1072 3026 experimento
1095 2968 1147 3012 root
1184 3000 1186 3009 .

139 3025 249 3080 novisse
273 3028 317 3083 rb.
383 3033 398 3081 'l
422 3028 471 3098 qui
492 3029 604 3099 potor:
632 3043 704 3096 quoe
722 3028 768 3081 rb.
826 3033 953 3083 8unum
978 3044 1032 3083 om.
1052 3031 1150 3100 ilex·

139 3113 243 3166 ponem
265 3100 332 3168 pot:
360 3116 464 3168 ponam
487 3100 532 3156 rb.
598 3105 614 3154 9
633 3097 749 3153 civitate
772 3099 858 3167 etque
875 3097 894 3154 i
912 3115 938 3153 o.
958 3097 1151 3171 dilymolint

140 3165 247 3222 dietum
262 3169 383 3240 (dietat)
401 3169 621 3240 dily)opega.non
633 3170 699 3239 pot:
728 3168 844 3226 civitate
861 3169 990 3239 Diospoli
1006 3173 1096 3241 utque
1111 3166 1152 3225 ed·

141 3239 197 3295 huo
216 3239 394 3311 diapegonon
412 3241 519 3296 dietum
538 3242 583 3297 rb.
615 3241 650 3308 of.
671 3240 733 3295 Gal.
754 3251 789 3299 VJ,
804 3245 928 3296 reddat
946 3240 1043 3311 (atoue
1060 3259 1096 3298 ee
1112 3240 1155 3295 Pt.

141 3311 239 3366 Plabtio
263 3312 370 3368 Oriboa.
402 3311 893 3381 vet.lat.ed.Par.1529p.t38'l).
958 3317 992 3366 10
1010 3314 1091 3382 qnod
1107 3314 1157 3369 tlt>

140 3383 273 3438 maehum
290 3385 328 3439 rb
352 3384 442 3452 (Ruta
460 3384 541 3438 stom.
561 3399 585 3438 e.
603 3385 664 3453 12⁰).
726 3388 758 3437 13
777 3381 881 3464 Recipe
898 3383 1015 3439 rubeos
1037 3386 1109 3455 (nott
1125 3384 1157 3453 bt

214 3460 248 3508 14
266 3457 346 3511 eoeto
365 3453 443 3525 prius
460 3470 516 3525 po:
534 3452 613 3525 priua
631 3455 712 3508 ooeto
731 3454 789 3508 litt¹
807 3455 895 3524 (prius
911 3453 943 3508 in
960 3468 1037 3524 equo
1055 3457 1115 3527 rb).
