2416 3802
479 83 698 148 ..40-

347 247 428 308 hunc
453 245 592 306 morbum
610 244 693 305 alunt
716 243 883 305 sustinendi
908 247 999 303 erunt
1023 239 1100 302 cibis
1134 312 1137 317 ⁴

348 336 441 396 lirmis
462 341 493 394 et
515 334 686 414 glutinosis,
709 332 811 393 avibus
829 328 1004 411 pinguibus,
1029 346 1098 408 ope·

348 423 433 484 ribus
460 423 593 501 pistoriis
621 421 689 501 plus
716 438 811 500 aequo
839 418 971 498 mellitis,
1006 424 1101 497 prout

347 514 499 591 patientur
522 510 685 571 facultates.

234 610 320 673 30,50.
414 598 564 659 Vomieam
588 606 671 658 sanat
692 598 829 677 privatim
851 594 881 655 id
899 593 958 654 mel
981 595 1014 654 in
1038 603 1124 672 quot

261 692 276 725 *
349 689 409 748 sint
431 704 502 766 apes
525 685 705 746 demortuae.
743 684 778 744 ad
801 683 881 744 hunc
900 689 1000 743 autem
1019 699 1098 741 mor·

84 781 189 848 (Marc.
204 795 235 848 p.
251 778 321 846 125.)
348 775 421 836 hum
443 775 519 835 'iacit
545 776 656 853 optime
683 774 765 852 potio
791 771 879 832 haec:
911 788 1001 831 ovum
1030 788 1099 831 cru·

349 863 421 924 dum
448 865 480 922 in
507 880 575 922 vaso
604 861 752 942 funditur,
783 867 924 939 putamen
957 861 1024 919 eius
1052 875 1100 919 re·

349 951 449 1032 pietur
477 968 549 1011 suco
581 948 726 1011 marrubii
757 955 846 1026 atque
873 949 904 1008 in
935 944 1016 1013 idem
1048 963 1100 1006 vas

350 1041 490 1119 coicitur,
520 1040 591 1099 item
623 1036 757 1117 repletur
789 1035 875 1096 melle
903 1041 934 1094 et
960 1033 1100 1094 similiter
1113 1045 1136 1085 1⁰

349 1127 392 1188 ibi
419 1125 559 1207 adicitur,
595 1133 626 1186 et
656 1129 697 1186 ita
714 1126 870 1204 permixta
897 1121 1099 1201 calefactaque

351 1215 386 1275 ad
409 1223 544 1294 teporem
566 1213 640 1274 haec
658 1214 762 1274 hausta
782 1214 925 1271 vomicam
943 1217 1100 1291 rumpunt,

351 1310 492 1382 purgant,
516 1302 551 1363 ad
576 1303 730 1362 sanitatem
753 1299 930 1380 perducunt.

417 1390 502 1450 Multi
524 1389 631 1448 medici
655 1407 687 1448 se
710 1386 842 1447 medicos
860 1385 1018 1446 adversum
1041 1385 1100 1458 hoc

350 1477 459 1539 malum
483 1494 543 1536 non
566 1477 728 1536 inveniunt.
765 1493 820 1554 ego
842 1481 922 1535 certe
942 1474 1003 1533 scio
1028 1491 1100 1534 raro
1114 1485 1138 1526 1⁶

351 1581 529 1644 quemquam
551 1563 622 1624 huic
644 1565 722 1642 pesti
749 1570 886 1643 ereptum
909 1563 1016 1640 quise
1039 1561 1101 1622 illis

351 1651 535 1714 credidisset.
566 1670 671 1713 verum
689 1653 730 1712 ita
743 1653 858 1712 corratio
877 1652 942 1711 eius
960 1649 1100 1728 expedita

351 1748 396 1800 est
433 1747 468 1800 ut
504 1742 592 1801 etiam
622 1739 721 1801 hieme
757 1741 920 1818 asperrima
957 1735 1101 1817 explicari

349 1830 444 1909 possit
453 1829 531 1888 intra
542 1827 620 1889 diem
635 1825 901 1909 quadragesimum,
914 1844 985 1887 vere
998 1823 1100 1887 autem

349 1916 395 1977 vel
418 1923 529 1978 aestate
548 1915 684 1976 breviore
704 1923 848 1995 tempore.
884 1914 976 1994 aliqui
997 1921 1101 1975 tamen
1114 1926 1142 1968 ro

263 2011 278 2044 *
350 2007 446 2065 curati
468 2013 538 2066 sunt
560 2006 638 2065 intra
664 2004 854 2084 praefinitum
876 2010 995 2083 tempus
1017 2019 1100 2064 com-

154 2095 261 2163 (Mcrc.
274 2096 322 2164 ib.)
350 2093 497 2172 positione
522 2110 555 2152 ea
584 2110 659 2170 quae
687 2092 764 2152 inira
791 2094 902 2172 scripta
925 2099 983 2152 est:
1015 2107 1100 2151 man-

351 2180 493 2258 dragorae
512 2179 680 2260 hyoscyami
699 2182 759 2259 opii
779 2182 858 2241 turis
877 2181 958 2240 croci
979 2177 1100 2258 pondus

156 2494 170 2543 1
191 2490 273 2546 eruut
289 2490 341 2572 pb:
361 2490 427 2542 suut
443 2489 470 2544 d.
538 2489 676 2544 isanant
692 2507 718 2559 q.
743 2491 748 2558 1
772 2489 802 2544 id
820 2488 877 2544 mel
895 2490 927 2544 d:
945 2488 1020 2544 idest
1038 2490 1101 2559 (sic)

83 2558 141 2614 mel
157 2575 183 2629 q.
257 2566 310 2615 tr.
329 2576 355 2628 q.
375 2559 520 2614 demortua
543 2575 611 2642 apes
630 2561 695 2614 sunt
712 2561 739 2615 d.
811 2566 828 2615 8
847 2575 914 2616 vaso
931 2575 962 2629 9:
983 2575 1053 2615 vase
1072 2562 1100 2616 d.

120 2635 136 2685 9
154 2629 276 2686 maruuii
292 2646 323 2699 p:
341 2628 462 2685 marubii
480 2630 506 2684 d.
530 2631 534 2699 l
558 2647 588 2683 m
605 2629 682 2686 idem
700 2647 750 2687 vas
768 2628 886 2685 coicitur
903 2647 933 2699 9²
951 2630 981 2684 in
999 2629 1101 2685 eodem

83 2716 150 2755 vase
169 2700 307 2756 conicitur
324 2701 351 2755 ct.
402 2705 433 2752 11
453 2699 607 2770 permixtus
626 2700 834 2769 calefactusque
852 2699 1101 2770 (calfactusqued)

83 2771 126 2840 qd
144 2770 191 2839 (cf.
210 2771 303 2826 Marc.
317 2787 348 2839 p.
369 2775 433 2825 125:
453 2770 547 2826 omniu
563 2771 634 2826 haec
652 2771 683 2826 in
701 2789 729 2827 se
747 2770 950 2840 permiscentur
968 2787 1002 2826 ac
1019 2771 1100 2841 tope-

83 2840 160 2921 facta
177 2841 356 2909 hauriuntur,
375 2842 446 2896 miro
464 2842 548 2898 modo
567 2842 690 2897 vomices
708 2843 844 2911 rumpunt
861 2843 927 2910 etc).
988 2846 1021 2896 17
1040 2858 1101 2898 cre·

84 2910 219 2966 didissem
241 2913 267 2967 d.
293 2913 298 2980 1
326 2911 431 2967 Verum
454 2913 561 2968 curatio
584 2913 643 2968 eius
666 2913 709 2968 ita
726 2929 791 2982 exp.
811 2929 836 2966 e.
859 2913 886 2967 d.
967 2916 1000 2966 19
1023 2911 1102 2968 intre

87 2980 146 3036 dios
165 3001 215 3038 ac.
234 2983 262 3037 d.
323 2987 358 3038 20
376 2982 464 3052 aliqui
481 2986 578 3040 tamur
591 3001 619 3038 r:
637 2982 756 3052 Aliquot
773 2982 1003 3052 (interpuocttoue
1016 2999 1101 3052 prue-

84 3053 167 3107 rm‘aea
193 3068 223 3122 q,
256 3052 364 3121 aliquot
389 3056 449 3109 aue
470 3056 569 3124 interp.
593 3055 622 3122 d)
654 3069 672 3107 a
698 3070 744 3109 me
770 3054 819 3123 qd.
892 3058 925 3106 21
949 3052 1027 3108 intra
1047 3055 1100 3110 rb:

86 3122 160 3178 infra
172 3124 222 3193 qd.
296 3128 330 3178 22
348 3124 551 3194 Mandragorae
568 3124 677 3193 pondus
696 3123 804 3178 denarii
831 3124 860 3193 (a
877 3139 931 3194 quo
952 3125 1055 3193 incipit
1071 3127 1101 3194 9)

81 3199 146 3262 post
167 3193 238 3250 turis
256 3213 284 3264 p.
303 3194 330 3252 d.
349 3195 435 3262 infert
457 3196 485 3250 cl.
517 3199 631 3249 murum
648 3199 714 3262 port
734 3195 860 3264 stapulas
881 3195 981 3263 speeies
1008 3196 1102 3264 (qutu-

84 3265 159 3334 quies
172 3265 270 3334 ἐρέττω)
278 3266 320 3335 qd
334 3266 442 3320 mcum
456 3270 632 3334 repetuntque
639 3266 722 3320 cerba
734 3264 844 3334 pondus
858 3264 967 3320 denarii
980 3265 1050 3334 (defu
1061 3266 1101 3335 d),

84 3351 153 3404 quae
166 3336 315 3392 omittenda
328 3350 382 3391 ecee
399 3337 475 3391 docet
487 3352 512 3390 a.
527 3340 562 3390 20
576 3335 750 3406 singulorum
764 3336 821 3404 (secl
834 3337 869 3403 cf.
881 3336 973 3390 Marc.
983 3352 1015 3405 p.
1027 3338 1100 3405 luo).

121 3412 154 3461 23
174 3406 244 3476 opii:
264 3406 433 3476 opopanacis
453 3407 544 3462 Marc.
565 3405 624 3476 (qui
637 3410 781 3476 prosimu
799 3407 878 3462 addi
895 3408 1026 3476 myrrae).
