2416 3802
509 195 550 202 -
586 122 660 223 ¹191
709 195 751 204 -

125 329 315 403 merguntur,
346 328 450 401 postca
478 340 553 400 aqua
582 322 646 401 ipsa
673 339 742 382 cum
769 323 928 401 pigmentis
955 325 1033 385 siout

124 411 223 471 inlusa
250 417 321 471 sunt
352 408 530 488 decoquitur
562 411 598 471 ad
630 412 747 491 tertias,
780 419 810 471 et
842 409 911 472 inde
939 412 1033 474 colata

124 516 266 560 mensura
287 500 352 578 pari
370 517 439 560 cnm
461 499 637 578 despumato
653 498 739 559 melle
758 501 915 581 miscetur,
937 500 1032 562 molli·

126 606 184 667 que
207 587 338 666 igniculo
356 606 393 649 ne
413 587 556 649 aduratur
574 587 631 648 boc
650 606 746 666 usque
767 588 919 650 incalescit
936 589 1032 650 donec

95 676 247 737 ssubacta
270 678 302 737 in
324 675 420 739 mellis
443 675 673 738 crassitudinem
696 683 836 739 transeat.

191 877 310 934 xuvt.
341 879 391 934 Do
413 891 537 947 pruno.

1063 973 1101 1028 D.

191 993 286 1057 Pruni
304 1014 410 1059 recens
427 1013 550 1076 pomum
567 1003 703 1057 ventrem
723 996 856 1078 resolvit,
880 997 1120 1098 stomacho1174

124 1086 309 1146 contrarium
334 1086 496 1166 iudicatur,
528 1084 580 1146 sad
611 1103 698 1146 omne
727 1083 783 1145 boc
810 1085 1032 1147 incommodum
1060 1086 1066 1111 ’
1122 1084 1142 1166 ’-

124 1173 216 1235 celeri
239 1173 402 1254 digestione
421 1175 532 1235 finitur.
558 1176 648 1234 sicca
666 1191 726 1233 non
744 1180 860 1234 tantum
878 1174 1031 1235 molestiae

122 1261 276 1343 praebent.
312 1262 501 1324 Dioscorides
524 1263 603 1323 sicca
622 1270 705 1323 cocta
729 1261 826 1322 alvum
849 1265 1031 1343 restringere

79 1366 108 1406 1⁰
123 1353 283 1415 existimat..
321 1351 401 1431 quod
424 1351 552 1413 Galenus
580 1369 640 1411 non
668 1352 806 1412 inmerito
834 1351 941 1412 falsum
964 1369 1030 1412 esse
1050 1344 1113 1399 Gal.

122 1440 285 1502 contendit.
322 1443 389 1519 quis
412 1441 492 1501 enim
519 1442 632 1501 nesciat
659 1458 695 1501 ex
722 1458 809 1520 passo
832 1439 964 1503 discocta
986 1421 1137 1502 vel‘ffl'35·

122 1528 220 1590 mulso
235 1528 271 1589 ad
289 1529 468 1590 solutionem
482 1531 594 1590 ventris
614 1531 745 1610 operari,
764 1530 948 1609 maximeque
962 1549 1031 1609 pro·

112 1618 213 1679 licere
242 1620 268 1678 si
296 1618 453 1679 decoctum
482 1621 580 1697 ipsum
608 1620 657 1679 cui
689 1636 781 1678 sucus
809 1619 957 1680 admixtus
985 1626 1032 1679 est

123 1702 305 1767 sorbeatur?
341 1707 412 1767 facit
439 1713 538 1767 tamen
566 1715 596 1766 et
622 1708 686 1785 ipse
711 1706 894 1768 differentias
922 1708 1031 1768 diversi

75 1807 107 1849 1⁵
122 1797 242 1875 generis
269 1797 301 1855 in
327 1797 461 1875 prunis,-
475 1803 508 1856 ut
535 1796 648 1874 syriaca
676 1801 793 1855 tantum
819 1803 905 1874 putet
932 1799 1031 1856 minus

186 2025 246 2082 Non
268 2042 322 2082 una
343 2025 491 2100 eademque
506 2026 591 2082 virtus
612 2026 640 2081 in
660 2025 785 2082 omnibus
806 2026 948 2083 citriorum
970 2042 1030 2099 par·
1048 2028 1106 2098 (71)

121 2109 211 2183 tibus,
232 2112 260 2166 in
275 2112 377 2168 cortice
393 2110 584 2181 thermantico,
606 2111 634 2166 in
656 2126 737 2167 carne
752 2110 811 2167 alba
826 2109 913 2178 medie
930 2119 1032 2184 tempe·

121 2204 180 2252 rata
201 2195 363 2267 acrimonia,
392 2195 521 2251 acerrima
548 2195 575 2251 in
598 2195 699 2251 semine
721 2204 750 2251 et
771 2196 899 2270 styptim.
936 2195 1031 2253 cortici

121 2280 257 2336 austerior
278 2289 372 2336 natura
399 2296 527 2337 concessa
554 2287 612 2352 est,
638 2295 709 2352 quae
736 2288 868 2352 quantum
890 2279 975 2335 valeat
998 2296 1031 2336 es

73 2377 109 2418 2o
123 2365 184 2438 ipso
214 2363 300 2421 odore
328 2371 454 2422 testatur.
499 2363 605 2420 modice
632 2370 757 2437 sumptus
786 2371 833 2422 aut
859 2365 887 2420 in
917 2365 1031 2438 potione

121 2448 224 2506 calidae
252 2449 355 2505 diutins
377 2450 511 2505 inmersus
538 2445 698 2505 heneficium
721 2455 842 2505 maturae
868 2448 1030 2520 digestionis

122 2531 267 2607 operatur.'
298 2549 361 2590 caro
384 2532 442 2590 alba
465 2549 517 2607 qua
539 2533 567 2588 in
588 2532 649 2590 cibo
673 2534 790 2605 utimur,
813 2532 911 2607 flegma
933 2532 1031 2602 nutrit,

122 2618 255 2674 foramina
279 2618 409 2674 interiora
424 2617 525 2675 claudit
544 2625 572 2673 et
593 2618 763 2674 stomachum
786 2616 931 2690 opprimit,
955 2615 1031 2671 tarde

121 2704 251 2777 coquitur
278 2711 306 2758 et
334 2702 534 2778 indigestiones
556 2700 621 2758 lacit
648 2702 802 2758 acrimonia·
841 2716 902 2759 cum
928 2701 1031 2756 semine

69 2801 107 2853 ,ss
122 2788 189 2844 trita
210 2787 313 2843 morsui
336 2789 430 2845 canino
452 2788 597 2845 succurrit.
635 2786 750 2842 incisum
772 2802 833 2842 cnm
856 2783 981 2842 omnibus
1005 2787 1032 2840 in

120 2887 153 2927 se
175 2879 283 2929 coctum
297 2873 465 2946 serpentium
485 2887 593 2929 morsus
616 2879 643 2927 et
658 2886 759 2927 venena
781 2869 930 2945 fungorum
945 2877 1032 2926 curat.

195 3090 209 3138 1
229 3085 394 3154 merguntur
409 3085 454 3153 ql:
474 3086 588 3154 -gontur
600 3084 645 3138 rb.
662 3085 666 3150 Ι
682 3083 783 3152 postea
795 3082 840 3151 qt:
859 3082 926 3150 post
943 3081 988 3136 rb.
1034 3084 1050 3132 2
1069 3080 1135 3134 sunt

120 3157 205 3212 ocal.
227 3159 231 3224 Ι
251 3155 288 3210 sd
305 3154 403 3211 tertias
421 3156 466 3225 ql:
494 3171 545 3210 om.
563 3156 608 3210 rb.
634 3158 638 3224 Ι
662 3154 729 3209 inde
747 3155 796 3209 rb:
814 3153 845 3207 in
866 3153 913 3277 go.
928 3166 984 3220 pro
1002 3152 1042 3218 ᾖ)
1059 3151 1100 3220 ql.

119 3233 138 3282 3
157 3243 288 3282 mensura
305 3226 367 3296 'pari
385 3243 449 3281 cnm
465 3227 511 3296 gt:
530 3243 580 3282 om.
599 3227 644 3283 rb.
661 3228 664 3295 l
680 3224 760 3280 melli
776 3225 821 3279 rb.
912 3222 965 3276 boc
983 3236 1071 3290 usque
1088 3221 1135 3302 qt:

119 3298 266 3367 hucusque
284 3300 329 3354 rb.
355 3300 359 3366 Ι
388 3297 541 3353 incalescat
558 3299 576 3352 t.
648 3295 815 3352 bsubecto:
843 3296 884 3350 stc
905 3293 1014 3363 yttrb).
1052 3296 1136 3360 capet.

120 3376 157 3424 46
180 3385 230 3424 om.
255 3370 292 3424 rb
320 3370 442 3439 (primus
468 3370 527 3438 ipse
548 3369 624 3424 edidi
645 3369 678 3423 ta
699 3368 803 3424 Aberat.
822 3377 853 3426 11,
872 3367 946 3434 130).
1028 3368 1062 3417 10
1086 3378 1135 3443 ga-

120 3439 212 3523 lienus
229 3441 269 3510 ql.
325 3447 357 3495 13
376 3440 460 3510 ipsud
477 3457 503 3510 g.
559 3446 593 3494 14
612 3439 759 3495 sorbeatur
775 3454 805 3508 q:
830 3436 958 3492 sorbetur
976 3435 993 3491 l.
1048 3439 1082 3488 15
1102 3451 1136 3486 sr-

122 3528 198 3567 naca
215 3528 241 3581 q.
