2416 3802
466 146 508 154 -
557 108 620 174 156
667 67 728 153 -’

189 282 253 334 tur:
291 271 459 334 inflationes
491 273 576 354 iacit,
607 269 710 333 oculos
741 268 875 351 hebetat,
911 268 1103 331 stomachum

85 355 190 425 Pt.(20,
200 360 303 441 laedit,
321 362 403 422 sitim
421 362 522 440 gignit.
551 359 604 421 sed
622 367 705 421 recte
723 358 839 419 Plinius
859 365 965 419 noster
984 357 1105 439 adiecit,

93 428 182 552 ²¹52)
190 450 340 529 copiosius
360 457 507 528 sumptus.
538 448 618 510 unde
637 454 760 528 apparet
775 446 851 508 haec
869 449 971 507 omnia
988 447 1104 509 nostra

155 537 162 550 ’
191 536 332 620 adscribi,
356 540 383 599 si
404 537 526 599 modurn
549 545 715 618 temperare
739 530 921 616 nescimus>

157 732 162 745 ·
257 703 367 759 m.
389 704 439 759 De
462 702 580 760 ocimo.
763 770 765 774 Ι

257 819 300 881 De
328 823 437 882 virtute
466 822 555 881 ocimi
580 838 674 900 penes
697 819 829 880 medicos
856 820 958 898 opinio
985 820 1131 881 moercar

192 918 246 970 est
282 927 350 969 narn
377 911 430 989 qui
452 916 574 971 auctore
598 908 762 988 Chrysippo
790 908 1003 989 criminantur,
1031 908 1106 970 haec

191 1000 256 1058 eius
287 999 357 1058 vitia
389 1004 581 1078 percensent,
617 996 697 1076 quod
730 998 769 1057 sit
800 994 953 1057 stomacho
984 996 1105 1078 inutile,

191 1085 271 1166 quod
298 1085 401 1147 oculos
428 1085 563 1167 hebetet,
594 1084 674 1165 quod
701 1086 847 1146 insaniam
874 1085 976 1167 iaciat,
1010 1086 1106 1147 iecori

191 1173 328 1236 obsistat:
352 1181 382 1234 et
400 1173 467 1235 ideo
481 1192 601 1254 capram
619 1191 713 1253 genus
731 1173 789 1234 hoc
807 1172 918 1234 herbae
937 1191 1105 1255 numquam

191 1266 312 1325 cannino
336 1265 517 1343 contingere.
555 1261 668 1324 addunt
689 1269 859 1344 praeterea,
881 1263 907 1322 si
929 1264 1041 1323 tritum
1063 1262 1102 1323 la·
1116 1272 1141 1312 ¹⁰

191 1352 260 1432 pide
288 1360 463 1432 contegatur
491 1353 664 1431 scorpiones
694 1351 788 1431 gigni,
821 1349 1104 1430 commanducatum

192 1443 276 1502 etin
300 1440 363 1501 sole
389 1443 521 1519 positum
543 1458 661 1501 vermes
687 1457 807 1521 creare,
833 1438 990 1519 pediculos
1013 1442 1104 1502 etiam

191 1531 316 1589 nutrire.
353 1528 431 1589 Afris
458 1536 565 1608 putant
591 1528 648 1589 hoc
670 1546 738 1590 esse
764 1545 955 1609 persuasum,
985 1530 1013 1589 si
1036 1528 1104 1609 quis

192 1635 228 1676 eo
250 1617 299 1677 die
323 1634 382 1695 quo
405 1618 535 1677 ocimum
557 1619 720 1696 sumpserit
742 1634 759 1677 a
781 1618 939 1697 scorpione
966 1617 1103 1698 feriatur,

192 1722 251 1765 non
275 1722 362 1784 posse
381 1704 494 1766 salvari.
531 1705 584 1765 sed
607 1708 659 1784 qui
681 1704 853 1767 indiverso
870 1707 1013 1786 opinione
1032 1710 1138 1767 suntss

191 1793 265 1854 haec
288 1792 362 1855 falso
385 1794 493 1855 tradita
516 1794 698 1855 adseverant.
735 1795 809 1873 quin
832 1795 923 1855 immo
945 1793 1102 1855 stomacho

191 1881 314 1961 prodest
350 1882 429 1962 quoti
466 1881 633 1943 inflationes
665 1884 730 1943 eius
766 1882 933 1944 ructuando
964 1882 1100 1944 dissolvit

192 2077 303 2150 pulvere
325 2079 485 2152 sanguinem
507 2078 652 2134 reicientes
667 2087 754 2137 curat.
784 2076 850 2134 ioiia
871 2079 931 2135 sius
953 2078 1097 2135 tritanum

193 2161 250 2217 saie
272 2160 384 2216 vulnera
405 2163 558 2218 recentiora
581 2169 686 2219 curant.
722 2177 816 2219 acmen
838 2162 1017 2231 eius-tritum
1039 2176 1097 2219 cum

78 2244 81 2249 ’
192 2245 254 2301 vino
276 2251 388 2318 potatur
402 2251 499 2301 contra
520 2244 668 2321 fungorum
690 2245 917 2322 praesumtiones.
948 2247 1022 2304 coeti
1041 2254 1134 2303 storo

191 2329 287 2386 macho
310 2327 406 2400 utiles,
428 2329 506 2387 erudi
527 2330 668 2387 utentibus
690 2330 799 2389 maium.

163 2536 177 2583 1
199 2529 315 2586 oebetsi
332 2531 440 2599 (ebetat
453 2533 543 2599 corn).
561 2533 565 2600 Ι
580 2531 763 2586 Estomacum
782 2533 839 2588 cod.
891 2536 908 2586 2
945 2530 1099 2587 leniumte

86 2615 155 2656 corr.
175 2602 233 2657 coci.
288 2602 636 2670 3sumsti1cod.(sumh'1
654 2604 744 2672 corn).
765 2605 770 2672 Ι
792 2603 884 2659 hasta
944 2602 951 2615 “
1000 2602 1040 2659 ’bi
1059 2602 1096 2657 in·

86 2671 187 2726 obmod
207 2673 264 2728 cod.
324 2673 542 2729 5—1com.d.
603 2672 893 2742 hopinio-suciorc
915 2689 968 2730 ons.
986 2690 1011 2731 r.
1032 2675 1038 2741 Ι
1058 2673 1097 2728 in-

86 2744 224 2797 certaest
246 2742 385 2812 opiniob.
455 2743 623 2814 uquipci:
656 2760 707 2799 ons.
731 2745 754 2799 h.
777 2747 781 2814 ι
805 2743 1020 2815 chrisippopo,
1042 2761 1099 2814 cry·

86 2812 165 2882 sippo
185 2813 202 2868 l.
219 2815 224 2882 1
244 2816 331 2882 atque
349 2813 410 2869 eius
426 2813 498 2871 hoec
515 2831 541 2869 v.
559 2832 588 2885 p.
605 2832 629 2872 r,
646 2818 650 2883 Ι
669 2814 740 2870 haec
758 2832 808 2871 otro
826 2832 851 2872 o.
907 2815 1100 2886 spernemus

85 2884 146 2952 (sic)
165 2899 189 2937 c.
212 2884 216 2950 Ι
241 2883 318 2952 quod
340 2884 378 2938 sit
401 2902 422 2939 s.
441 2885 542 2941 inutile
564 2887 630 2955 pot:
658 2885 734 2954 quod
756 2885 833 2942 obsit
854 2887 1003 2943 stomacho
1020 2888 1066 2943 rh.

85 2953 222 3008 shebetic
231 2952 348 3024 thenon,
357 2954 490 3026 obsisti).
504 2955 830 3028 quodpnliiaciatpoi:
839 2956 973 3029 facino!
983 2957 1098 3027 iecnrip.

116 3023 277 3080 subsistat
294 3026 360 3095 pol:
384 3025 498 3081 obsistit
519 3027 564 3082 rh.
624 3033 657 3082 12
677 3027 736 3083 sols
753 3029 820 3098 polz
843 3027 901 3085 sals
919 3029 965 3084 rh.
987 3031 991 3097 Ι
1015 3028 1099 3100 pedu-

85 3095 162 3151 culos
184 3113 209 3151 υ.
273 3102 307 3150 13
330 3096 406 3152 Afris
429 3097 562 3168 (Affiisl)
584 3100 687 3181 putent
704 3099 760 3154 hoc
776 3099 842 3169 qvi:
864 3099 972 3170 Aphris
990 3114 1100 3171 quoque

86 3167 320 3237 hocputcntrb.
358 3174 391 3223 15
407 3171 472 3223 suni
484 3170 548 3238 pol:
569 3170 682 3227 sintrh.
715 3168 1100 3227 luahhincd200imumsi

83 3256 125 3307 pr.
145 3243 191 3293 etc.
213 3241 217 3308 Ι
241 3238 310 3308 quin
327 3238 414 3295 immo
424 3271 457 3280 -
468 3239 599 3296 dissolvit
614 3242 680 3310 pol:
709 3240 777 3310 quin
794 3241 852 3296 imo
869 3239 1031 3299 ἱώῆοιιω
1046 3243 1100 3297 sto

85 3309 180 3364 machi
197 3314 280 3365 ructu
297 3309 426 3366 dissolvit
449 3312 573 3380 (coetum
595 3327 659 3366 cum
675 3313 770 3378 aceio,
793 3315 824 3368 ei
840 3313 984 3382 sumptum
1002 3330 1025 3369 r.
1042 3313 1101 3382 dc)

83 3380 128 3437 rh.
184 3387 217 3436 17
237 3381 325 3450 quod:
345 3382 413 3450 quia
429 3383 456 3438 d.
473 3383 478 3453 1
497 3382 633 3437 ructando
651 3380 736 3437 solvit
753 3383 802 3452 eti
822 3382 960 3441 dissolvit.
984 3383 1102 3441 coctam

82 3466 121 3519 po
132 3452 193 3525 (ld).
216 3454 264 3508 sed
281 3453 315 3521 es.
336 3452 413 3510 Plio.
