2416 3802
480 123 697 188 -90..

350 288 449 347 cancri
485 285 636 347 fluviatilis
667 285 746 347 oculi
778 288 857 347 eruti
893 285 1095 367 adalligantur,

216 385 320 451 ronco.
344 370 413 455 'ipse
437 392 544 435 cancer
570 377 601 435 in
625 392 701 454 aqua
727 375 900 436 remittitur.
936 373 1032 454 puleii
1053 392 1095 437 ra-

348 482 417 526 mus
447 465 479 524 in
508 462 572 525 lana
609 462 759 524 involutus
791 471 859 526 ante
896 465 1097 525 accessionem

235 564 321 627 rues.
349 552 534 613 olfaciendus
556 552 643 613 datur
666 559 718 613 aut
740 553 841 613 stratis
864 551 1013 615 subditur.
1049 570 1096 613 ur·

348 644 425 702 ticae
444 639 622 703 autumnalis
640 640 724 701 radix
742 640 891 720 adigatmr
913 642 941 701 is
964 642 1018 720 qui
1035 649 1120 703 eant

351 729 470 791 effodiet
496 729 585 790 debet
610 731 764 791 nominare
788 747 859 791 eum
885 731 935 791 cui
961 729 1098 791 medetur

216 830 321 893 amo.
350 825 381 881 et
404 817 513 898 quibus
532 816 707 897 parentibus
726 825 822 880 natus.
836 820 884 880 sit.
911 816 1006 879 herba
1026 835 1097 897 quae

350 909 382 968 in
404 905 579 969 fluminibus
602 914 654 969 aut
675 909 747 967 rivis
769 909 903 969 nascitru
926 906 1099 986 adalligatur

349 998 382 1056 in
409 995 490 1056 laevo
518 994 640 1056 brachio
672 995 744 1074 quid
775 997 815 1056 sit
846 997 1008 1077 nescienti,
1040 1004 1098 1057 tor·

350 1087 445 1145 tianas
459 1083 594 1145 discutit:
616 1083 675 1163 legi
693 1083 814 1146 debebit
831 1091 899 1145 ante
914 1083 986 1146 solis
999 1091 1099 1173 ortum
1110 1092 1132 1132 1⁰

153 1191 155 1196 ·
226 1183 324 1246 30‚104
351 1175 394 1234 sic
413 1179 447 1234 ut
466 1190 536 1234 eum
555 1175 607 1251 qui
626 1172 738 1252 colligit
754 1191 842 1234 nemo
856 1173 962 1236 videat
987 1172 1098 1234 lacerta

85 1256 140 1324 (tie
157 1271 209 1310 om·
227 1254 269 1321 rb
287 1255 323 1323 cf·
350 1261 453 1323 viridis
480 1263 544 1322 riva
572 1260 745 1340 adalligatur
771 1263 803 1323 in
830 1280 899 1323 raso
927 1261 1010 1341 quod
1036 1279 1100 1323 eam

140 1331 223 1397 ⁶·1⁷)·
250 1356 287 1410 io.
351 1353 455 1430 capiat.
496 1353 597 1411 aranei
628 1349 687 1424 tela
716 1349 838 1417 cuilibet
866 1349 1029 1430 emplastro
1055 1351 1098 1413 in·

262 1447 278 1480 ¹¹³
350 1440 483 1500 fricatur.
519 1438 658 1518 idemque
686 1438 879 1519 emplastrum
908 1446 943 1500 ut
967 1437 1053 1504 libet,
1067 1441 1098 1501 in

350 1528 431 1589 aluta
457 1533 607 1606 tamquam
630 1527 809 1588 anacollema
838 1529 1004 1607 imponitur
1031 1535 1097 1607 ante
1111 1533 1133 1575 ¹⁵

351 1617 553 1676 accessionem
571 1622 602 1676 et
619 1633 713 1695 aquae
727 1615 852 1694 frigidae
871 1614 975 1677 decem
993 1619 1098 1678 unciae

350 1703 502 1765 bibuntur.

416 1904 524 1961 XVII:
548 1905 603 1962 Ad
624 1904 738 1961 febres
760 1904 959 1974 periodicas.

217 2036 323 2100 32‚113.
418 2022 505 2084 Iecur
524 2022 656 2103 delphini
673 2031 740 2085 ante
759 2026 961 2085 accessionem
978 2032 1099 2104 gustan-

251 2117 288 2172 s‘t,
352 2111 424 2171 dum
451 2110 546 2171 datur.
586 2113 618 2173 ‘m
645 2112 727 2173 aselli
757 2113 849 2192 piscis
882 2113 977 2193 capite
1009 2110 1102 2192 lapilli

352 2199 403 2279 qui
425 2198 514 2278 plena
535 2198 606 2259 luna
627 2201 741 2261 inventi
763 2207 833 2262 sunt
856 2199 1051 2280 adalligantur
1069 2203 1101 2262 in
1114 2210 1139 2250 ²⁰

86 2293 324 2365 (maculetur.
350 2284 480 2348 linteolo.
508 2288 581 2349 utile
595 2296 642 2349 est
654 2291 748 2369 ungui
762 2288 827 2350 oleo
841 2296 873 2350 et
886 2289 954 2351 sale.
983 2292 1101 2351 cancris

352 2374 542 2437 fluviatilibus
576 2379 656 2438 tritis
692 2380 723 2439 in
756 2377 820 2438 oleo
853 2385 885 2439 et
918 2396 995 2457 aqua
1031 2387 1100 2441 ante

218 2477 323 2540 tecte.
352 2465 553 2526 accessionem
574 2468 724 2546 perungui
745 2474 873 2547 oportet
908 2466 1015 2529 oculus
1037 2467 1102 2548 lupi

351 2552 455 2613 dexter
492 2553 587 2614 salsus
621 2554 794 2633 adalbgatur
830 2563 898 2616 ante
934 2555 1101 2618 meridiem

156 2766 171 2814 1
187 2759 342 2831 alligantur
356 2760 404 2815 db.
455 2765 472 2814 2
486 2759 547 2829 ipse
559 2776 590 2830 9²
604 2760 742 2830 etipsud.
757 2763 762 2827 Ι
777 2760 808 2816 in
822 2762 1065 2832 aquaeductui.

85 2833 227 2888 (iniered.
264 2837 281 2885 8
296 2830 431 2900 alligetur
441 2831 468 2899 d,
478 2833 521 2885 -tc
530 2831 555 2885 b.
592 2831 689 2900 equid
699 2831 802 2902 sitqrb
812 2833 895 2902 (Pl.):
911 2832 1065 2902 qnodfitd

87 2909 120 2957 10
139 2901 254 2958 debebit
270 2919 301 2972 9:
320 2901 406 2956 debeb
423 2901 472 2957 db.
528 2907 560 2956 11
580 2901 675 2972 sicque
694 2903 726 2957 ut
744 2919 807 2958 eum
829 2919 911 2959 nemo
930 2901 1029 2959 videet
1051 2903 1103 2973 qui

85 2971 196 3042 colligit
217 2973 245 3029 d.
300 2978 334 3028 12
353 2970 531 3042 alligaturd.
557 2975 561 3041 1
585 2989 654 3028 vaso
676 2991 707 3043 9:
732 2975 845 3030 varod.
904 2979 937 3029 13
957 2973 1102 3045 cepistg:

85 3043 209 3113 accipiet
231 3045 258 3101 d.
283 3044 288 3112 Ι
312 3042 371 3098 telo
385 3043 588 3099 „infricatur
607 3045 666 3099 Pl:
694 3047 752 3100 tres
766 3086 772 3100 .
784 3087 791 3099 .
802 3087 809 3100 .
822 3043 989 3101 infricantur
1006 3045 1101 3116 ydrb.

117 3120 153 3177 ¹15
177 3115 254 3170 eluto
278 3116 305 3170 d.
330 3117 335 3184 Ι
360 3114 525 3171 anacolema
541 3116 596 3185 qd,
624 3115 781 3171 auscolima
798 3132 821 3172 r.
873 3122 915 3182 ἱ16
935 3116 965 3171 et
985 3117 1104 3187 equod

85 3189 208 3257 (quoque
226 3201 316 3256 cquae
335 3186 397 3255 rb):
416 3202 450 3242 ee
468 3202 540 3256 quoe
558 3203 585 3256 9.
656 3187 698 3244 tit.
720 3187 766 3242 Ad
783 3186 875 3242 febres
896 3185 1056 3258 periodicas
1072 3188 1104 3254 d,

83 3277 142 3313 xvn
169 3258 215 3313 Ad
238 3257 257 3313 f.
280 3256 410 3328 periodus
438 3257 538 3326 (dicas
560 3258 631 3324 ind.)
657 3256 686 3327 id
715 3260 758 3314 est
783 3273 856 3327 quoe
881 3257 918 3313 dc
940 3256 1102 3315 messione

83 3331 235 3385 nascuntur
252 3344 277 3400 9.
326 3333 358 3383 19
378 3327 473 3383 datur:
493 3330 536 3384 est
552 3329 579 3384 d.
630 3333 665 3382 20
683 3327 837 3399 alligantur
854 3329 903 3384 db.
949 3334 984 3383 22
1002 3326 1101 3387 fluvia·

82 3398 181 3456 bilibus
213 3403 238 3484 'b
253 3394 514 3526 (tildagluvimibus
532 3416 557 3468 r,
583 3398 775 3455 fluminalibus
797 3402 824 3456 d.
850 3400 856 3468 Ι
881 3401 910 3457 et
931 3400 962 3455 in
980 3417 1056 3470 equa
1072 3402 1103 3456 d.
