2416 3802
476 113 718 178 -188-

265 336 405 392 xum.
437 337 486 393 De
508 335 650 406 persioo.

114 446 176 505 Gal·
266 454 457 517 Persicorum
480 455 564 516 cibus
588 463 634 516 est
660 453 781 533 quidem
804 454 958 515 stomacho
986 455 1115 536 inutilis,

96 524 234 604 rabaam
258 543 338 622 quod
361 547 419 605 cito
444 563 534 605 sucus
556 546 621 605 eius
645 546 792 605 inanescat
812 551 843 604 et
865 561 935 604 caro
959 560 1059 622 aeque
1081 545 1114 604 in

198 631 362 712 digestione
385 635 520 713 vitietur,
543 651 646 693 verum
669 634 790 693 minime
813 633 924 713 gravis,
952 630 1029 692 dum
1052 650 1114 692 non

198 720 310 782 diutius
328 723 360 781 in
383 723 533 783 intestinis
552 728 686 783 moratur
704 729 736 782 et
753 720 791 781 ad
808 724 868 782 ima
886 728 1010 800 semper
1030 723 1114 781 exitu

125 800 162 858 t”l-
200 809 343 870 celeriore
372 810 500 871 festinat.
535 828 704 890 praecoqua
727 816 826 870 tamen
854 816 884 871 et
910 811 1048 870 armenia
1071 809 1143 870 les

94 878 280 958 V1’593uiora
307 905 386 959 sunt.
427 900 526 959 minus
552 901 584 958 in
611 899 658 959 his
690 897 813 959 offendit
845 896 925 978 qnod
957 915 1054 977 supra
1081 899 1115 959 in

197 984 359 1046 maioribus
377 989 502 1065 persicis
522 986 734 1048 adnotavimus.
769 994 800 1047 et
820 994 919 1047 tamen
937 1003 1115 1066 praecoqua

197 1072 233 1134 ad
248 1073 406 1136 utilitatem
425 1077 560 1154 corporis
579 1077 719 1137 armeniis
734 1073 922 1136 antecedunt.
950 1073 1023 1135 ideo
1037 1075 1114 1136 haec

197 1164 286 1223 etiam
304 1166 401 1242 aegris
419 1165 541 1224 interim
559 1163 623 1224 dari
640 1171 780 1244 possunt,
799 1162 1017 1242 quorumdum
1032 1171 1115 1225 taxat

198 1251 332 1312 condicio
355 1254 534 1331 permiserit.
1087 1289 1089 1293 -
1127 1267 1153 1307 ro

262 1339 454 1403 Persicorum
486 1340 571 1402 cibus
607 1347 733 1420 negatur
764 1359 782 1400 a
812 1340 937 1402 medicis
973 1339 1114 1401 membra

108 1436 170 1493 Gal.
196 1430 321 1490 nutrire.
357 1428 486 1489 Galenus
510 1428 614 1490 suadet
641 1446 803 1508 numquam
829 1436 899 1509 post
921 1427 1025 1489 cibum
1047 1447 1112 1489 om·

94 1515 273 1576 V12693uin0
305 1535 438 1597 sumere,
464 1519 623 1596 corrumpi
654 1517 813 1579 adfirmans
837 1519 863 1578 si
889 1516 964 1578 cibis
998 1520 1113 1578 ceteris

112 1614 175 1670 Gal.
198 1606 346 1665 innatarit.
384 1604 454 1665 lolia
475 1607 663 1684 persicorum
691 1609 815 1668 tritaet
841 1608 969 1685 inposita
994 1608 1111 1667 ventris

89 1691 331 1753 X11>⁷banimalia
357 1695 510 1772 perimunt
532 1704 562 1754 et
585 1694 745 1773 expellunt.
783 1694 886 1756 eadem
908 1696 990 1755 sicea
1018 1702 1110 1773 atque
1124 1709 1148 1749 1⁵

134 1799 149 1832 s
198 1783 229 1841 in
252 1780 405 1861 pulverem
428 1789 516 1843 tunsa
539 1791 676 1844 recentes
702 1783 803 1863 plagas
826 1791 1023 1845 cruentorum
1045 1782 1110 1843 vul·

97 1844 184 1984 731Ξ7
200 1888 307 1932 nerum
330 1870 479 1932 claudunt.
516 1870 641 1932 nucleus
668 1874 854 1950 persicorum
882 1873 988 1951 capitis
1012 1871 1110 1932 dolori

194 2125 298 2174 matura
326 2117 451 2174 coeliacis
478 2126 507 2175 et
528 2118 706 2192 dysentericis
727 2129 754 2176 et
782 2121 942 2194 sauguinem
969 2121 1109 2178 reicienti-

196 2200 248 2257 bus
269 2209 387 2275 prosunt
408 2202 435 2257 in
456 2202 516 2259 cibo
538 2210 653 2277 sumpta.
690 2212 768 2261 cocta
790 2205 923 2264 incinere
946 2204 1036 2262 calido
1059 2205 1107 2262 ob·

195 2286 289 2343 voluta
303 2286 330 2342 in
353 2285 438 2343 farina
454 2286 553 2344 dautur
573 2289 602 2343 iu
618 2286 741 2344 febribus
755 2287 941 2345 laborantibus
956 2288 1105 2346 diuturnis.
1118 2302 1153 2344 ru

195 2372 337 2427 stomacho
352 2372 492 2429 commoda
515 2378 588 2427 sunt.
624 2373 708 2429 incisa
728 2380 805 2429 cocta
827 2374 855 2429 iu
877 2389 946 2447 aqua
968 2372 1034 2431 dato
1049 2384 1106 2431 sto·

195 2456 290 2512 macho
319 2454 484 2512 dolentibus.
522 2458 611 2512 vinum
635 2472 731 2513 eorum
759 2457 946 2532 dysentericos
969 2458 1107 2516 coeliacos

195 2541 350 2596 nausiantes
379 2540 492 2617 stringit
519 2548 547 2596 et
579 2542 739 2615 sanguinem
767 2551 925 2616 expuentes.
971 2551 1052 2600 cocta
1078 2544 1106 2600 in

195 2625 282 2681 mulsa
303 2627 366 2682 trita
389 2624 529 2682 stomacho
552 2626 671 2699 inposita
693 2624 860 2682 deiectiones
883 2625 996 2684 tollunt.

158 2866 172 2914 1
193 2860 223 2915 P.
242 2860 356 2930 quidem
374 2861 454 2916 cibus
473 2864 516 2918 est
532 2860 641 2917 inutilis
659 2864 694 2917 st.
714 2863 731 2917 l.
787 2870 802 2918 2
823 2879 856 2919 eo
874 2865 911 2919 rb
926 2864 978 2946 (pb
998 2879 1050 2920 om.
1065 2867 1103 2921 ol.

89 2931 249 3002 {inacescat
266 2947 296 3001 p:
324 2934 467 2987 macescat
484 2934 534 3000 rb,
560 2933 700 2989 inarescet
721 2934 761 2990 ol.
785 2938 789 3003 Ι
813 2933 1031 3005 indigestronem
1050 2937 1067 2991 l.

87 3009 103 3056 5
122 3001 255 3057 celeriore
275 3003 321 3071 (ri
339 3005 367 3073 p)
384 3005 451 3073 pot:
470 3004 557 3060 celeri
573 3004 639 3072 rbi
661 3007 925 3075 praecoqua-(10)
942 3006 1106 3075 permiserit

85 3074 152 3143 pol:
175 3088 225 3128 orac.
244 3075 289 3128 rb.
327 3076 366 3142 es.
389 3075 422 3130 de
440 3076 603 3145 praecoquis
625 3080 650 3129 et
672 3078 803 3132 armeniis
825 3078 844 3133 i.
867 3077 1022 3132 miserabere
1041 3095 1104 3148 per·

85 3145 150 3199 sicis
167 3145 261 3200 Dioso.
282 3151 368 3216 1,165.
428 3151 444 3200 9
464 3145 550 3201 etiam
568 3163 619 3201 om,
638 3147 656 3201 l.
677 3149 681 3215 1
701 3151 804 3217 posunt
820 3164 845 3217 9.
867 3150 871 3216 Ι
891 3148 959 3202 dum
977 3150 1060 3204 texat
1076 3165 1102 3220 p,

85 3242 124 3296 du
141 3244 263 3297 taxato:
282 3242 420 3299 duntaxat
434 3245 451 3298 l.
498 3250 531 3299 11
546 3226 658 3316 rigetur
672 3245 689 3300 l.
736 3251 770 3300 12
785 3244 907 3301 Galenus
921 3243 1103 3317 (Galiauusl)

84 3313 151 3382 pol:
180 3314 228 3368 ssd
251 3315 280 3369 et
297 3313 420 3370 Galenus
443 3313 586 3383 (Galienus
604 3316 630 3384 r)
648 3316 693 3372 rb.
714 3315 719 3387 Ι
738 3333 883 3386 nunquam
901 3316 1016 3372 omnino
1038 3323 1103 3388 post

87 3381 181 3438 cibum
198 3385 260 3439 rb..
302 3391 333 3440 13
353 3385 502 3440 adfirmans
520 3402 566 3456 po.
582 3390 593 3458 l
614 3388 638 3442 si
655 3388 745 3456 pald:
763 3387 794 3442 iu
811 3388 856 3443 rb.
913 3393 947 3442 14
965 3387 1102 3444 innatant

87 3456 166 3521 pald
172 3477 178 3507 :
197 3454 327 3510 innatent
344 3457 389 3512 rb.
406 3462 410 3525 Ι
427 3457 527 3513 obbioc
545 3459 571 3514 d.
599 3457 772 3514 Persicorum
790 3458 859 3514 folia
876 3460 921 3514 rb.
