2416 3802
500 160 743 224 -137-

113 319 225 381 deinde
252 329 399 402 torretur,
431 331 461 382 et
488 324 627 383 universa
655 330 742 384 tunsa
770 332 800 383 et
827 333 909 385 creta
937 325 1024 386 melle

114 411 230 489 optimo
257 412 349 471 mixta
379 409 568 490 subiguntur.
610 419 709 472 rutam
731 414 854 473 venenis
881 415 1024 474 resistere

112 497 261 559 mustelae
284 499 405 580 docent,
428 516 594 577 quaecum
617 499 808 580 serpentibus
831 501 1023 562 dimicaturae

115 586 185 647 cibo
208 588 274 649 eius
296 594 457 649 armantur.
489 587 590 649 docuit
613 596 644 649 et
666 607 719 649 rex
746 592 885 669 ponticus
908 589 1022 651 Mithri-
1068 597 1083 630 *

86 675 216 756 edaces,
252 677 304 756 qui
330 695 400 737 oum
426 677 529 737 fratris
556 679 604 737 sui
635 678 756 738 timeret
787 677 909 738 insidias
938 686 1023 739 rutae

116 763 188 824 lolia
206 779 256 825 xx
279 783 349 826 cnm
371 763 486 830 duabus
505 764 633 826 nucibus
653 773 683 826 et
705 765 830 826 totidem
848 768 954 827 caricis
977 767 1026 826 ad-

115 854 211 912 mixto
231 853 300 913 salis
317 871 409 932 grano
424 854 544 914 cottidie
563 856 682 914 ieiunus
700 857 824 934 accepit.
857 873 912 916 neo
932 854 1037 915 mino·¹

117 958 182 1001 rem
212 940 298 1002 nobis
325 960 412 1022 opem
442 950 473 1003 et
500 951 604 1003 contra
631 944 702 1004 vitia
724 945 859 1023 corporis
885 951 1026 1023 praestat.

117 1038 203 1090 aceto
226 1038 257 1090 et
284 1030 349 1091 oleo
377 1049 463 1092 roseo
491 1033 582 1092 mixta
604 1031 729 1092 mirifice
756 1031 890 1093 dolorem
922 1034 1027 1111 capitis

82 1120 232 1178 navertit.
273 1118 440 1185 inflationes
464 1119 555 1201 choli‚
581 1121 654 1180 item
677 1122 809 1180 matricis
832 1123 1024 1200 omniumque
1038 1133 1132 1188 Dioge,

117 1208 341 1269 interaneorum
359 1211 459 1269 statim
481 1210 597 1287 mitigat
614 1226 683 1269 cum
705 1207 814 1287 butyro
833 1217 863 1269 et
886 1207 952 1269 oleo
975 1209 1024 1268 de·
1043 1207 1113 1273 324⁶·

118 1303 202 1356 cocta
230 1304 261 1356 et
287 1298 404 1358 iniecta.
445 1295 481 1356 ad
512 1295 675 1356 lumbricos
703 1294 852 1356 necandos
880 1296 952 1356 utile
981 1304 1028 1356 est

120 1382 218 1444 oleum
249 1383 360 1445 bibisse
388 1387 436 1446 cni
469 1393 536 1445 ruta
565 1387 682 1444 incocta
709 1391 763 1445 est.
808 1387 893 1463 ignes
926 1403 1026 1445 sacros

121 1489 187 1533 cum
206 1480 291 1534 aceto
309 1480 340 1534 et
359 1471 424 1533 oleo
443 1491 566 1534 rosaceo
586 1481 616 1533 et
635 1491 757 1534 cerussa
775 1480 939 1552 temperata
958 1472 1027 1532 ilico

90 1570 111 1612 1⁵
122 1562 274 1640 extingunt
299 1559 386 1622 datur
401 1570 431 1622 et
445 1580 536 1622 sucus
546 1563 611 1622 eius
625 1569 693 1622 ante
708 1564 910 1624 accessionem
923 1561 1026 1622 biben-
1127 1637 1129 1643 Ι

122 1647 175 1709 dus
199 1658 303 1711 contra
330 1648 431 1710 febres
454 1669 523 1711 cum
545 1650 657 1728 frigore
680 1652 843 1711 venientes.
880 1651 960 1711 idem
982 1652 1027 1710 in-
1096 1644 1100 1648 ’

124 1737 246 1800 stillatus
269 1737 411 1799 auriculis
434 1739 527 1798 efficit
549 1745 583 1799 ut
605 1741 758 1817 contingat
780 1739 893 1799 audire.

186 1826 368 1888 Stultissime
383 1825 502 1906 quidam
511 1834 596 1888 rutae
606 1829 675 1887 vitia
689 1826 831 1887 dixerunt
845 1827 924 1905 quod
938 1844 1025 1886 vene·
1070 1877 1086 1910 *

123 1929 183 1975 rem
203 1913 351 1996 inhibeat,
376 1915 503 1994 genitale
523 1933 626 1976 semen
643 1917 810 1995 extinguat,
832 1916 960 1975 infantes
983 1918 1134 1998 inmense.)

92 2005 115 2048 ¹⁰
124 2011 208 2064 utero
222 2010 319 2064 necet.
344 2003 415 2065 iacit
429 2005 509 2064 enim
526 2003 599 2064 haec
613 2021 673 2063 non
687 2006 760 2084 ipsa,
774 2004 827 2063 sed
842 2005 1026 2082 qni'virtutis

122 2092 185 2153 eius
203 2091 288 2153 obliti
305 2109 362 2153 nec
380 2091 502 2152 modum
521 2110 576 2153 nec
596 2100 714 2171 tempus
733 2093 888 2170 aspiciunt.
916 2099 947 2153 et
960 2090 1027 2152 ideo

123 2184 287 2260 temperare
301 2179 459 2259 prudentis
469 2188 558 2241 estut
573 2179 609 2241 de
619 2180 728 2241 auxilio
737 2199 797 2240 non
812 2180 862 2240 fiat
871 2198 1027 2241 venenum.

190 2356 263 2414 liuta
277 2359 414 2414 hortensis
428 2358 540 2413 nimium
556 2358 662 2414 virtutis
683 2348 797 2427 calidae,
821 2358 909 2413 omnia
925 2373 1028 2414 venena
1051 2356 1108 2424 (46)

115 2441 234 2518 expellit
255 2458 317 2499 cum
332 2443 394 2498 vino
417 2451 491 2516 pota.
526 2459 608 2498 sucus
630 2440 760 2499 loliorum
783 2442 841 2498 eins
864 2458 926 2498 cum
948 2440 1028 2498 melle

73 2515 99 2561 ²⁵
113 2527 205 2585 attico
233 2525 364 2600 caligines
392 2527 535 2583 oculorum
563 2526 683 2582 discutit.
725 2543 787 2583 cnm
814 2526 894 2582 melle
920 2533 1028 2598 sumpta

112 2607 276 2668 inflationes
298 2611 431 2668 stomachi
454 2609 536 2667 tollit.
573 2625 666 2666 semen
689 2612 747 2666 eius
771 2612 865 2666 tritum
887 2626 948 2666 cunr
963 2611 1027 2665 uno

109 2696 200 2769 potui
223 2695 314 2751 datum
338 2695 471 2752 tortiones
494 2695 596 2752 ventris
619 2693 700 2751 tollit.

192 2869 206 2918 1
222 2865 306 2917 tunsa
317 2877 369 2932 go:
382 2862 475 2917 insat.
492 2863 496 2929 Ι
512 2861 591 2915 crebo
603 2861 703 2930 goim:
722 2858 845 2916 cribrata
858 2861 933 2930 t(rb).
950 2862 957 2943 l
971 2859 1055 2942 melle
1068 2857 1135 2928 goi:

107 2932 198 2990 melli
216 2933 262 2988 rb.
307 2933 490 2988 amnstellae
508 2949 531 2986 r.
578 2931 774 2988 metridates
789 2947 817 3001 9.
863 2929 1136 3000 tnuoubusmglan·

108 3005 202 3061 (libus
214 3004 260 3059 rb.
277 3003 283 3072 Ι
298 3003 424 3058 admixto
433 3034 467 3043 —
478 3001 595 3058 cottidie
609 3018 659 3058 oen.
674 3004 691 3059 t.
729 3008 745 3057 9
759 3019 839 3058 roseo
852 3018 904 3071 go:
918 3017 1032 3057 rosaceo
1045 3002 1055 3056 t
1068 3000 1135 3069 (rb).

114 3074 231 3148 {mixto
248 3074 315 3145 gol:
337 3073 428 3129 mixto
445 3076 491 3129 rb.
542 3078 577 3126 10
594 3075 706 3129 avertit.
733 3072 892 3128 inflationes
906 3072 982 3128 oholi
999 3069 1134 3140 (inflacio

109 3162 169 3202 nes
187 3145 432 3216 oolibzeicgoi.
483 3150 516 3198 11
535 3144 638 3200 buturo
657 3162 682 3203 v.
738 3150 771 3199 13
791 3144 885 3199 oleum
902 3146 1069 3210 casalem
1082 3139 1134 3210 bb!

116 3216 167 3273 cni
184 3217 248 3273 oleo
262 3215 358 3300 mlii·
372 3216 411 3270 sii
424 3217 441 3270 t.
458 3217 561 3298 lignes
579 3231 659 3270 aeros
674 3218 692 3272 t.
734 3222 769 3298 ¹4.
787 3231 899 3270 cerussa
915 3215 981 3297 goia
999 3228 1098 3268 cerusa
1110 3212 1136 3279 b,

118 3288 468 3429 llrllllelmltlilgityivill:
485 3286 653 3428 3lliloicrb‘ul
672 3283 1137 3426 mffiogagm2gvggt19tg1gb3gf&

120 3431 210 3487 cisti.
251 3436 285 3486 2'1
309 3446 379 3499 quoe
400 3445 451 3500 seq.
475 3429 508 3483 in
525 3430 581 3484 cod.
607 3428 670 3483 Vot.
688 3429 772 3497 (Mai
795 3431 871 3497 1,42)
894 3428 1002 3481 adiecto
1018 3427 1085 3480 suut
1102 3438 1136 3478 ex

120 3502 241 3572 Apula‘o
262 3501 426 3557 Dioscorida
448 3502 599 3570 iterumque
620 3500 750 3571 Apuleio.
