2416 3802
180 641 366 719 Frequenter
399 641 471 700 milri
508 643 538 701 in
571 641 860 722 peregrinationibus

113 729 221 791 accidit
248 737 282 788 ut
310 735 360 789 aut
386 737 509 808 propter
536 748 632 792 meam
659 739 710 791 aut
736 741 860 810 propter

113 836 249 880 meorum
277 817 478 878 infirmitatem
504 819 599 878 varias
626 819 746 880 fraudes
769 820 859 880 medi·

114 926 219 967 eorum
255 907 471 986 experiscerer,
509 905 684 986 quibusdam
720 907 860 967 vilissima

85 1006 99 1043 ⁵
114 995 245 1055 remedia
259 993 430 1072 ingentibus
448 996 553 1073 pretiis
568 995 778 1076 vendentibus,
796 993 860 1056 aliis

115 1103 150 1144 ea
169 1101 368 1161 quaecurare
388 1082 560 1164 nesciebant
583 1084 752 1162 cupiditatis
772 1102 860 1144 causa

113 1171 354 1252 suscipientibus.
392 1171 535 1251 quosdam
558 1190 628 1232 vero
649 1174 782 1251 comperi
803 1173 860 1232 hoc

114 1278 222 1339 genere
242 1261 370 1338 grassari
385 1267 418 1320 ut
431 1259 589 1348 languores
605 1262 656 1338 qui
674 1262 860 1338 paucissimis

114 1348 220 1409 diebus
243 1348 289 1407 vel
317 1351 405 1408 etiam
432 1348 514 1408 horis
537 1357 660 1427 possent
682 1347 799 1429 repelli,
829 1350 860 1408 in

73 1447 99 1486 1⁰
113 1437 234 1515 longum
262 1444 379 1515 tempus
408 1436 609 1516 extraherent,
637 1445 671 1497 ut
698 1443 728 1497 et
756 1455 860 1516 aegros

113 1545 185 1586 suos
214 1523 263 1584 diu
287 1527 322 1585 in
351 1525 448 1584 reditu
476 1523 621 1584 haberent
653 1526 859 1605 saevioresque

113 1616 187 1692 ipsis
210 1613 322 1672 morbis
345 1615 515 1673 existerent.
554 1620 735 1692 quapropter
758 1631 859 1673 neces·

114 1704 226 1762 sarium
255 1699 327 1761 mihi
350 1703 446 1761 visum
469 1710 515 1761 est
543 1709 576 1762 ut
602 1701 733 1780 undique
757 1699 859 1761 valitu-

114 1791 192 1850 dinis
212 1789 317 1850 auxilia
337 1789 543 1850 contraherem
563 1797 592 1850 et
612 1789 692 1850 velut
714 1788 860 1849 breviario

74 1890 100 1929 1⁵
115 1879 300 1958 colligerem,
322 1886 356 1937 nt
375 1884 561 1957 quocumque
582 1879 728 1937 venissem
741 1895 860 1956 possem

115 1965 261 2026 eiusmodi
290 1965 411 2025 insidias
439 1968 531 2025 uitare
560 1974 589 2025 et
612 1965 666 2025 hae
694 1965 800 2025 fiducia
824 1984 860 2025 ex
918 1968 919 1971 ’

114 2055 172 2114 hoe
192 2063 325 2132 tempore
344 2056 402 2112 iter
425 2054 540 2132 ingredi
560 2061 593 2114 ut
616 2054 720 2134 sciam,
745 2055 770 2112 si
794 2055 860 2131 quis

114 2141 187 2202 mihi
216 2141 339 2220 languor
360 2140 518 2222 inciderit,
548 2160 607 2202 non
636 2142 767 2201 facturos
794 2140 860 2201 illos

114 2250 152 2290 ex
179 2248 226 2289 me
254 2229 384 2290 reditum
408 2248 463 2290 nec
491 2237 643 2290 taxaturos
666 2230 860 2290 occasionem.

73 2331 100 2370 20
182 2319 258 2378 Ante
290 2320 387 2377 omnia
420 2327 518 2378 autem
554 2325 627 2398 puto
658 2319 690 2377 in
721 2325 859 2397 promptu
886 2353 888 2356 -

113 2406 249 2466 habenda
272 2425 347 2484 quae
371 2405 469 2466 subito
497 2405 661 2467 desiderata
690 2404 862 2466 difficillima

114 2494 254 2555 videntur
276 2497 411 2575 inventu,
434 2497 511 2555 siout
535 2494 632 2555 oleum
653 2502 744 2554 vetus
782 2493 861 2571 quod
892 2493 1067 2565 Pataram.

187 2687 212 2736 3.
232 2700 257 2736 v.
276 2682 448 2737 medicorum
466 2681 579 2736 fraudes
597 2683 623 2736 d.
706 2680 928 2750 4experiacerer
945 2681 1021 2751 pdb:
1049 2680 1129 2736 ·rirer
1192 2685 1193 2689 ’

113 2771 131 2807 r
144 2754 261 2822 (Marc.)
334 2759 349 2805 5
369 2752 433 2807 aliis
452 2769 571 2821 eaquae
586 2770 608 2807 c.
623 2752 787 2808 nesciebant
803 2752 845 2821 gd
856 2752 984 2820 (Marc.):
1004 2751 1067 2806 aliis
1082 2769 1129 2807 eas

114 2841 138 2878 c.
159 2823 241 2891 (alias
260 2839 291 2877 c·
303 2823 329 2893 b)
348 2823 533 2878 nescientibus
547 2824 591 2878 rb.
656 2824 782 2877 autom.
797 2823 841 2876 rb.
911 2829 926 2876 9
945 2823 978 2876 ut
994 2822 1026 2876 in
1038 2823 1083 2877 rb.

117 2900 150 2948 10
165 2894 363 2964 protraherent
375 2895 412 2949 rb
427 2894 582 2963 (traherent
600 2894 704 2962 Marc.)
721 2893 725 2965 Ι
741 2895 775 2948 ut
793 2895 822 2947 et
841 2893 969 2962 (Merop
990 2895 1019 2947 et
1036 2894 1129 2963 gdrb.

117 2971 149 3018 13
169 2966 202 3018 ut
219 2981 270 3018 om.
288 2965 325 3018 rb
336 2965 460 3034 (Marc).
533 2970 567 3018 14
586 2965 779 3020 contraherem
796 2964 841 3033 911
857 2965 912 3028 (re
927 2964 1046 3032 Marc.):
1064 2981 1130 3019 con·

117 3037 225 3090 struere
238 3036 285 3088 rb.
310 3035 314 3106 Ι
339 3035 509 3091 breviarium
525 3036 562 3090 rb
583 3035 622 3103 (in
640 3033 811 3090 breviarium
830 3035 943 3103 Mara).
1000 3040 1032 3088 15
1052 3033 1129 3090 colli-

117 3123 182 3176 gere
201 3106 373 3175 rimare).
399 3108 402 3173 Ι
427 3106 470 3160 uti
487 3106 533 3160 rb,
606 3112 638 3159 16
657 3104 819 3160 huiusmodi
837 3105 881 3160 rb.
907 3107 912 3171 Ι
938 3121 960 3160 e.
980 3105 1069 3160 vitare
1088 3104 1129 3158 in-

116 3177 202 3231 sidias
221 3178 247 3229 d.
305 3182 336 3231 tv
356 3175 411 3230 iter
424 3177 600 3246 rb(Marc.):
619 3177 732 3246 1111911.
789 3179 821 3230 18
841 3193 868 3244 q.
886 3175 1007 3246 languor
1019 3175 1089 3229 mihi
1102 3176 1129 3231 d.

119 3253 151 3301 19
178 3264 212 3301 ex
230 3263 274 3301 me
293 3247 415 3302 reditum
433 3248 475 3317 gd
488 3248 616 3317 (Marc.):
641 3247 676 3301 ad
695 3263 740 3302 me
759 3245 868 3301 aditum
885 3247 930 3301 rb.
957 3247 964 3313 t
985 3247 1134 3299 taxatnton

117 3319 158 3388 911
168 3318 297 3386 (Marc.)r
316 3320 448 3387 capturos
467 3319 510 3374 rb.
585 3324 619 3373 22
638 3317 760 3375 inventu
777 3316 914 3388 illiceat:
932 3331 988 3370 om.
1006 3314 1106 3382 abab,
