2416 3802
456 148 587 214 „,53
634 187 675 194 -

58 308 117 368 sale
146 307 375 391 sublervefiunt,
408 311 452 370 sic
479 309 562 372 datae
591 313 621 372 in
649 310 716 373 cibo
740 332 806 375 coe-

56 397 203 458 liacorum
217 397 351 460 dolorem
360 398 504 460 mulcent:
519 399 669 462 abstinere
684 420 700 460 a
715 402 805 481 frngi-

56 485 114 547 bus
145 487 231 566 prius
262 486 399 566 gallinam
436 496 465 549 et
500 487 652 550 hominem
679 498 805 569 oportet.

56 575 145 635 fimus
168 574 356 637 columbinus
378 584 476 638 tostus
500 584 530 637 ct
551 579 640 638 tritus
668 579 804 657 dysente·
867 580 904 634 aa.

30 664 129 724 tricis
160 666 192 724 in
224 667 344 744 potione
381 667 565 746 propinatur.
610 666 741 745 palumbi
773 670 805 728 in
867 667 904 721 ali·

56 760 143 813 aceto
170 750 295 815 discocti
322 762 352 815 et
384 755 579 834 dysentericis
607 763 637 816 et
669 756 805 817 coeliacis
833 737 893 804 (⁰m·
907 739 933 807 f)

56 843 89 902 iu
107 839 174 902 cibo
192 842 358 904 medentur.
387 843 590 922 dysentericos
608 844 724 905 adiuvat
742 852 804 905 tur·
867 843 903 898 ib·

58 930 115 991 dus
137 933 285 992 inassatus
314 934 403 993 tritus
431 934 462 992 in
486 931 552 992 cibo
577 942 713 1013 sumptus
737 952 805 994 cum
833 915 893 982 (⁰m·
907 914 954 984 lb)

57 1021 148 1098 myrti
170 1018 259 1081 bacis.
296 1022 368 1081 item
394 1023 426 1080 in
449 1020 578 1082 eundem
600 1021 722 1083 modum
744 1040 805 1082 me·
832 1021 869 1074 ib.
896 1021 1019 1090 (011111)

17 1120 43 1158 1⁰
56 1106 124 1168 rula
151 1111 287 1182 sumitur.
325 1111 530 1189 gravissimum
556 1112 674 1170 ‘ventris
701 1113 805 1172 vitium
832 1117 920 1182 appa.

56 1196 132 1256 ileos
142 1196 318 1277 appellatur:
331 1198 401 1259 huic
411 1200 525 1259 resistit
533 1198 677 1277 discerpti
686 1217 804 1279 vesper·
867 1198 904 1253 ib.

58 1284 173 1345 tilionis
195 1287 314 1364 sanguis
342 1285 444 1346 inlitus
466 1288 572 1346 ventri.
610 1285 805 1365 dysentericis

57 1391 112 1434 ova
125 1373 221 1452 pridie
235 1376 267 1434 in
287 1382 370 1436 aceto
384 1382 586 1454 macerantur,
608 1393 712 1435 corum
726 1374 805 1436 lutea
832 1382 919 1446 29,44.

57 1463 209 1541 friguntur
236 1465 268 1523 in
294 1462 360 1524 olco
391 1472 421 1525 et
449 1463 637 1524 devorantur.
683 1483 737 1524 ova
769 1483 805 1525 cx
832 1473 920 1536 29,49.

17 1563 43 1602 1⁵
57 1558 143 1612 aceto
161 1559 362 1633 macerantur,
386 1571 422 1613 ex
445 1551 492 1612 his
511 1560 541 1612 et
564 1552 658 1612 larina
677 1561 707 1613 et
730 1571 805 1632 aqua

56 1641 143 1719 panis
167 1639 304 1700 coeliacis
326 1641 367 1701 fit.
404 1640 524 1721 quidam
552 1641 656 1701 eadem
679 1659 732 1702 ova
759 1638 804 1702 re·
868 1640 905 1694 ib·

57 1727 179 1788 solvunt
206 1736 236 1788 ct
262 1731 293 1788 in
320 1731 429 1809 patinis
456 1736 534 1790 tosta
566 1729 636 1790 dant
665 1733 697 1790 in
730 1729 805 1790 cibo.
973 1735 976 1743 '

57 1834 163 1877 caseus
178 1823 263 1877 vetus
277 1816 382 1877 ovillus
402 1819 434 1877 in
453 1816 519 1877 cibo
539 1819 670 1897 prodest.
703 1836 806 1878 sevum
833 1825 921 1888 30‚55.

56 1903 179 1966 ovillum
202 1904 358 1966 decoctum
385 1907 417 1965 in
444 1907 512 1966 vino
536 1915 656 1966 austero
670 1904 805 1966 'bibitur
868 1905 905 1959 it.

18 2005 44 2045 2⁰
56 1992 115 2054 hoc
134 2001 165 2054 ct
182 1993 241 2053 ileo
260 1993 405 2055 medetur.
433 1993 550 2054 cocleae
571 1993 645 2054 duae
665 2001 806 2054 teruntur
867 1992 905 2048 ib.

57 2099 129 2142 cum
152 2083 215 2142 suis
238 2084 323 2142 testis
342 2090 373 2142 ct
395 2100 449 2142 ova
467 2082 560 2143 cruda
579 2099 615 2142 ex
637 2079 718 2162 passi
741 2100 805 2160 cya-

56 2169 118 2231 this
149 2169 279 2251 duobus,
312 2188 404 2250 aquae
433 2170 547 2250 cyathis
574 2169 685 2252 trihus,
717 2179 806 2249 atque

57 2266 156 2319 totum
182 2260 213 2318 in
237 2276 313 2318 novo
336 2276 404 2318 vase
429 2258 604 2320 calefactum
631 2259 667 2320 ad
694 2266 805 2338 tempe-

56 2354 227 2408 ramentum
245 2348 376 2426 potionis
394 2345 515 2409 bibitur.
553 2346 719 2408 coclearum
739 2365 807 2408 cum
835 2357 921 2422 30‚56.

131 2640 202 2695 lin
224 2640 287 2696 cibo
311 2640 471 2697 siliacornm
488 2655 519 2710 q,
546 2640 576 2695 in
599 2640 684 2696 cibos.
712 2640 858 2697 iliacorum
880 2640 906 2696 d.
985 2638 1074 2694 iab-

57 2712 165 2767 stinere
182 2727 219 2781 pr
229 2711 312 2781 (Ptp
331 2712 368 2765 ·ri
381 2713 408 2766 d.
428 2717 433 2781 Ι
458 2728 475 2767 a
493 2711 632 2782 frugibus:
651 2714 691 2767 cic
705 2714 787 2768 etiam
800 2713 836 2766 rb
852 2711 895 2780 (de
908 2715 980 2778 „cet
991 2712 1069 2766 lect.“

55 2787 133 2839 errat
151 2783 211 2853 dm).
284 2781 426 2838 iciliacis
445 2784 474 2838 et
491 2781 673 2838 dissintericis
691 2800 707 2837 r
726 2785 760 2852 (b.
780 2783 814 2850 cf.
831 2782 896 2852 Pe).
925 2781 1072 2852 dysinteri-

55 2853 134 2923 ciep
162 2854 212 2921 (sic
228 2855 348 2923 seraper).
422 2860 438 2910 6
457 2851 586 2909 coeliacis
603 2870 634 2924 p:
658 2853 749 2908 iliacis
772 2855 798 2909 d.
871 2860 887 2909 8
911 2870 975 2908 cum
990 2852 1073 2922 (Pl.):

55 2943 90 2980 ex
108 2940 139 2994 9,
164 2927 193 2981 et
210 2926 236 2980 d.
302 2930 336 2979 10
359 2925 560 2980 continuantur
573 2925 675 2994 paucis
692 2926 725 2980 dc
742 2925 793 2979 ileo
812 2925 975 2980 intermissis
992 2939 1073 2980 remc-

55 2997 106 3051 dc'a
125 2996 163 3051 od
180 2996 361 3067 dyacotcricoa
379 3001 405 3050 et
422 2997 557 3051 coeliacos.
585 2997 664 3052 debet
682 3000 801 3051 tamcor
819 2995 862 3049 ,11
882 2995 957 3051 ileon
972 2996 1012 3063 (11,
1027 2996 1072 3064 33)
1174 3046 1178 3053 .

54 3083 158 3122 novum
184 3067 304 3122 titulum.
374 3073 406 3121 11
430 3067 508 3136 yleos
532 3067 559 3124 d.
584 3069 588 3137 Ι
613 3066 773 3137 appellatur
795 3083 825 3136 q:
852 3067 969 3122 vocatur
992 3068 1018 3122 d.

57 3145 91 3194 13
114 3136 205 3207 pridie
224 3156 240 3194 r
258 3138 340 3208 (Pi.):
366 3137 476 3208 pridem
497 3138 546 3208 qd.
572 3141 576 3207 Ι
606 3140 931 3193 eorum-macerentur
953 3153 1003 3192 om.
1027 3137 1072 3192 rb.

103 3214 138 3263 14
164 3208 304 3280 ffigentnr
319 3252 325 3264 .
340 3253 346 3263 .
363 3251 368 3263 .
385 3209 552 3265 devorantur
579 3210 605 3265 d.
685 3215 717 3263 16
741 3208 854 3279 cyliacis
876 3225 905 3277 p,
935 3206 1074 3262 ciliacis‘r

56 3281 140 3350 (Pl.):
162 3279 254 3335 iliacis
268 3281 295 3335 d.
342 3286 374 3334 1⁷
389 3281 500 3349 patenis
517 3290 564 3350 9⁶.
612 3286 644 3334 19
659 3279 765 3335 austeri
777 3281 826 3350 yd.
872 3285 906 3334 20
919 3278 975 3334 ilco
991 3278 1072 3347 (Pl.):

56 3350 165 3406 ciliccis
192 3367 243 3422 pr,
273 3351 365 3407 iliacis
393 3353 419 3406 d.
498 3357 531 3406 21
560 3352 658 3407 cruda:
688 3351 774 3406 cruda
796 3372 819 3405 11
842 3350 933 3404 Marc.
956 3365 987 3417 p.
1012 3353 1073 3402 193.

111 3427 146 3476 22
172 3424 257 3494 utque
282 3439 311 3492 y:
344 3438 394 3477 otu.
418 3423 444 3477 d.
527 3429 561 3478 23
588 3423 619 3477 iu
645 3440 671 3478 n.
695 3441 722 3478 v.
750 3421 896 3477 decoctum
918 3436 941 3474 r.
972 3423 978 3486 l
1006 3435 1073 3476 vaae

56 3494 102 3549 iric
120 3499 145 3548 et
162 3509 188 3563 y.
