2384 3796
533 138 779 201 -80-'

304 305 339 358 ib.
405 320 473 363 curn
505 301 590 360 melle
625 301 789 361 decoctum.
824 301 956 379 quidam
993 302 1032 362 ad
1065 321 1151 382 panos

270 402 376 464 32106.
404 398 531 452 utuntur
561 390 615 449 bac
643 391 872 467 compositione:
905 407 992 449 cerae
1021 398 1054 451 et
1081 392 1148 452 turis

404 479 559 539 drachmas
587 480 718 557 vicenas
752 496 873 556 spumae
903 481 1020 556 argenti
1052 479 1145 540 dracb·

405 586 468 628 mas
500 581 562 648 XL,
599 569 747 627 muricum
783 568 892 626 cineris
929 566 1085 628 drachmas
1112 581 1143 628 x:

403 659 602 735 permiscetur
630 664 731 716 tusum
762 663 792 716 et
819 654 938 716 additur
962 675 998 716 00
1027 657 1084 718 0101
1102 660 1157 715 vet

404 747 477 804 teris
500 744 627 804 hemina.

472 893 530 947 Ἦ.
552 893 608 947 Ad
630 894 788 956 strumas.

272 1004 376 1065 23,130.
473 992 610 1071 Caprifici
637 993 780 1053 corticem
807 994 1058 1054 intumescentem
1079 1005 1136 1072 puer

405 1080 534 1161 impubis
558 1084 583 1142 si
606 1082 739 1141 detracto
758 1099 841 1141 ramo
861 1080 943 1142 tollat
967 1081 1102 1142 dentibus
1116 1084 1138 1138 ct

405 1169 533 1231 medulla
552 1172 616 1249 ipsa
636 1169 772 1248 alligetur
792 1177 859 1230 ante
878 1169 949 1229 solis
968 1178 1069 1231 ortum
1085 1185 1137 1249 pro

289 1270 376 1332 3288.
405 1260 509 1320 bibere
537 1267 667 1319 strumas
695 1264 820 1319 constat.
857 1257 1035 1319 echinorum
1061 1257 1163 1320 testacll

406 1357 547 1409 contusae
576 1366 644 1407 cum
672 1345 800 1407 alumine
828 1365 864 1407 ex
897 1346 962 1407 oleo
993 1356 1093 1409 vetere
1119 1349 1141 1405 et

272 1446 377 1508 22122.
405 1436 496 1515 pulte.
533 1437 714 1495 nasturtium
737 1453 807 1496 cum
833 1435 963 1496 lomento
993 1437 1142 1496 contritum

273 1535 377 1598 auam.
407 1526 595 1603 superposito
619 1523 688 1584 lolio
712 1523 848 1584 hederae.
881 1523 1070 1585 marrubium
1088 1538 1145 1585 cum

138 1625 243 1693 22143.
272 1622 377 1686 22154.
406 1613 500 1691 adipe.
536 1611 601 1671 lens
624 1615 656 1671 in
677 1620 761 1671 aceto
784 1613 923 1685 discocta.
959 1612 1098 1692 lupinum
1118 1628 1146 1671 ex

273 1713 377 1775 aspra.
406 1708 490 1762 aceto
518 1709 637 1761 coctum
669 1703 899 1780 contritumque.
943 1701 1018 1773 lolia,
1046 1702 1096 1762 fici
1123 1701 1173 1760 etss

291 1802 377 1862 2416.
406 1792 480 1851 licus
498 1792 646 1850 inmatura
666 1807 724 1849 una
742 1797 809 1849 tusa
831 1791 1037 1867 imponuntur.
1066 1804 1148 1850 sucus
1184 1828 1186 1837 =

291 1891 377 1954 2421.
405 1878 513 1959 pilulae
552 1880 687 1956 cupressi
723 1896 760 1937 cx
797 1879 952 1938 fermento.
998 1870 1149 1958 galbanum
1184 1888 1186 1929 :

405 1987 459 2048 per
482 1987 515 2028 se
534 1969 709 2046 imponitur.
742 1965 920 2026 exulceratis
943 1969 1070 2028 strumis
1092 1984 1149 2027 mu·
1184 1990 1186 1995 ·

290 2069 377 2130 3236.
406 2056 497 2117 stelae
525 2058 645 2133 sanguis
672 2054 817 2115 inlinitur.
863 2053 990 2114 mustela
1018 2074 1056 2116 ex
1088 2057 1149 2115 rino

305 2148 341 2201 ib.
406 2144 536 2204 discocta
554 2145 725 2222 imponitur.
764 2143 879 2203 cocleae
899 2145 1179 2205 0221021010211011

224 2288 229 2299 ,
291 2244 377 2307 auat.
406 2241 503 2292 tusae:
536 2232 572 2292 ad
600 2231 657 2291 boc
685 2231 798 2292 iaciunt
824 2234 936 2310 optime
961 2249 1038 2310 quae
1060 2232 1149 2293 salici·

305 2324 341 2378 ab.
405 2320 462 2381 bus
485 2320 654 2381 adhaerent.
688 2322 762 2380 cinis
782 2318 891 2399 aspidis
910 2338 980 2381 cum
998 2339 1069 2382 sevo
1093 2314 1149 2382 tau·

211 2497 225 2545 1
245 2506 333 2560 panas
350 2493 392 2561 qd
411 2491 565 2561 (paniculas
583 2492 638 2560 rb).
711 2497 727 2544 2
746 2489 851 2560 Recipe
871 2492 976 2558 (cerae.
988 2532 993 2545 .
1006 2493 1024 2560 .)
1048 2491 1112 2546 odd.
1129 2507 1149 2545 r.

175 2562 343 2633 3dragmas
360 2564 408 2632 poi.
435 2564 439 2630 Ι
465 2563 526 2630 (bia)
545 2563 676 2632 dragmas
693 2579 723 2631 9:
743 2562 761 2632 3
780 2563 806 2616 d.
880 2566 947 2616 500
965 2577 996 2630 p:
1024 2578 1074 2617 ona.
1094 2562 1119 2616 d.

138 2634 181 2690 tu.
200 2634 245 2688 Ad
264 2636 385 2688 strumas
404 2634 434 2687 id
448 2635 491 2688 est
504 2633 605 2688 strofas
624 2633 737 2701 (scrofas
751 2633 809 2687 iad.
824 2635 915 2701 capp.)
934 2647 989 2701 que
1002 2633 1151 2688 nascuntur

133 2702 168 2757 in
186 2706 301 2772 guttura
318 2721 348 2774 9,
367 2704 412 2758 Ad
431 2705 552 2763 strumas
571 2720 625 2772 que
644 2704 796 2758 nascuntur
812 2703 843 2756 in
861 2711 976 2772 corporo
995 2704 1023 2758 d.
1070 2709 1085 2757 7
1105 2702 1150 2758 (la

138 2774 237 2843 profici
254 2792 278 2844 p.
352 2774 508 2844 8impubis
527 2775 664 2844 90(Ρ1.);
683 2774 829 2843 ipubcrd.
855 2776 859 2842 Ι
885 2774 1013 2828 detracto
1031 2792 1054 2828 r.
1072 2773 1151 2829 comt

138 2845 212 2912 qdr:
232 2845 359 2899 defracto
377 2864 398 2900 r.
419 2846 551 2900 detrahat
570 2846 615 2900 Pi.
689 2850 722 2898 10
741 2844 930 2899 Aechinorum
946 2860 972 2913 p.
1040 2851 1072 2899 11
1093 2860 1150 2900 cum

137 2914 262 2970 alumine
282 2915 405 2983 (alumen
423 2920 450 2986 p)
471 2934 504 2972 ex
522 2933 547 2971 o.
567 2935 592 2971 v.
613 2918 642 2970 et
659 2916 750 2984 pulte:
775 2932 809 2970 ex
831 2918 911 2970 aceto
931 2916 977 2969 Pl.
1003 2915 1080 2984 (cum
1097 2915 1150 2972 alu·

139 2984 214 3039 mino
229 3003 264 3040 ex
283 2986 354 3041 oleo.
383 2987 453 3042 folia
471 2988 574 3060 hsderp
589 2992 635 3042 cte.
650 3004 674 3052 r,
692 2988 739 3041 scd
758 2988 792 3053 cf.
807 2988 848 3041 iba'
866 2988 1024 3056 10011002).
1063 2993 1096 3042 12
1114 2986 1151 3041 12·

128 3060 272 3127 0102109.
325 3063 358 3113 13
376 3076 487 3129 superp.
502 3059 521 3113 f.
535 3059 562 3114 h.
579 3075 629 3113 om.
645 3058 691 3111 Pl.
708 3060 711 3126 Ι
728 3057 901 3113 Marruuium
914 3057 1117 3126 9,,11202111212
1127 3056 1149 3111 d.

176 3133 210 3181 14
228 3127 375 3200 lupini
391 3129 465 3185 00011
482 3148 505 3185 r.
580 3134 612 3184 15
632 3128 839 3197 contritumque
857 3145 887 3199 p:
907 3130 936 3183 et
955 3129 1111 3185 contritum
1126 3127 1150 3182 d.

176 3203 208 3252 17
252 3199 331 3254 111210
355 3203 400 3256 dr.
475 3206 508 3256 18
531 3217 581 3270 per
603 3217 632 3254 se
661 3199 828 3254 exulceratis
857 3198 971 3255 strumis
992 3199 1151 3271 imponitur.

138 3218 277 3326 Mustebe
295 3289 316 3324 s.
330 3276 377 3327 etc.
395 3273 485 3340 pdrb.
505 3273 552 3326 sed
565 3270 730 3326 exulceratis
745 3272 864 3340 pertinet
882 3272 919 3326 ud
936 3286 989 3340 req.
1008 3273 1152 3328 remedians

139 3343 276 3398 mustelae
304 3342 448 3412 sanguinis
473 3359 522 3399 sec.
553 3343 598 3398 Pi.
631 3344 666 3410 (et
689 3342 781 3397 Marc.
806 3358 835 3411 p.
861 3344 931 3411 109).
1023 3347 1057 3397 21
1086 3344 1151 3398 tusc.

138 3412 267 3541 ldmhlics
284 3415 342 3540 (iris)
365 3415 418 3483 pat,
446 3416 545 3470 tunsae
568 3413 604 3468 ad
627 3414 680 3469 hoc
698 3414 743 3470 rb.
770 3415 774 3482 Ι
803 3413 934 3468 salicibus
962 3412 1071 3481 (salinis
1095 3412 1152 3482 Mt:

151 3499 183 3536 ru
214 3501 229 3540 c
326 3528 332 3540 .
