2416 3802
480 235 522 242 —-
571 199 635 262 146
682 235 723 242 -

205 365 378 441 sanguinem
391 361 586 423 reicientibus
603 363 736 440 itemque
754 363 910 440 geniturae
929 361 1107 423 abundantia

199 450 402 512 laborantibus
425 449 539 511 alterno
563 449 611 510 die
630 449 779 528 potandus
802 450 936 511 offertur.
974 449 1107 511 omnihm

200 539 335 620 partihus
350 557 425 618 quae
439 539 666 617 refrigeratione
682 537 829 600 sanandae
843 548 928 619 sunt,
944 557 1015 600 cum
1029 545 1107 601 aceto

184 630 232 690 'et
254 647 375 690 cerussa
398 627 560 688 efficaciter
581 643 674 688 sucus
697 626 842 689 inlinitur.

127 818 173 871 Pt.
268 828 363 884 xm.
395 829 445 883 De
468 827 654 883 nemuroio.

93 894 193 1013 diiii.
270 945 381 1007 Natura
413 947 564 1006 nasturcio
598 921 739 1006 caustica
760 955 806 1006 est
830 954 860 1006 et
891 954 990 1008 tamen
1026 965 1107 1008 usum

105 1034 356 1099 22184·venerium
384 1034 501 1095 videtur
532 1032 682 1114 inhibere,
715 1033 818 1095 eadem
840 1035 968 1097 fortasse
992 1037 1108 1097 ratione

203 1141 261 1202 qua
282 1124 371 1184 etiam
395 1129 463 1183 ruta
485 1123 576 1183 nimia
593 1125 623 1183 vi
641 1123 748 1183 caloris
768 1140 871 1184 semen
893 1123 1024 1204 genitale
1044 1141 1107 1184 con-

202 1213 301 1274 sumit.
337 1212 485 1273 termento
517 1213 643 1272 mixtum
675 1217 705 1272 et
734 1210 902 1292 adpositum
934 1211 1107 1275 furunculos

201 1303 333 1379 itemque
344 1298 710 1380 carbunculosprovocata
719 1303 932 1383 suppuratione
943 1299 1107 1382 disrumpit

203 1407 294 1450 sucus
320 1387 423 1450 inlitus
451 1387 564 1469 capillis
591 1387 753 1450 fluentibus
784 1387 915 1468 prodest.
959 1389 1041 1451 idem
1068 1391 1107 1451 io·

203 1479 288 1538 lusus
303 1476 425 1539 auribus
444 1475 563 1537 dolores
577 1477 712 1539 dentium
725 1479 848 1557 mitigat
876 1480 1000 1539 seminis
1020 1480 1107 1540 maior

203 1567 327 1628 effectus
359 1564 432 1626 adeo
465 1571 499 1626 ut
529 1567 618 1626 etiam
654 1573 758 1645 partus
785 1574 891 1637 necet.
942 1585 1013 1651 cum
1045 1568 1107 1629 vino

201 1653 341 1715 haustum
364 1653 499 1714 animalia
521 1656 634 1715 ventris
657 1656 811 1734 extinguit
843 1657 966 1719 venenis
989 1673 1105 1737 serpen·

202 1744 277 1803 tium
313 1744 445 1804 occurrit
476 1750 507 1802 et
543 1743 646 1822 fugare
678 1761 729 1804 eas
766 1742 899 1804 creditur
931 1743 1106 1807 carbonibus

207 1831 436 1910 suffumigatum.
467 1830 577 1892 lienem
594 1834 731 1912 reprimit
748 1834 780 1893 in
798 1833 918 1913 potione
938 1851 1009 1900 oum
1028 1839 1105 1894 aceto

203 1919 304 1982 datum
326 1919 373 1980 vel
402 1938 472 1981 cum
494 1920 550 1980 fico
578 1918 759 1982 devoratum.
795 1920 964 1982 ischiadicis
986 1921 1105 1983 utilissi-

202 2026 284 2069 mum
303 2016 349 2068 est
367 2025 435 2068 cum
459 2016 542 2069 aceto
566 2016 596 2069 et
622 2008 741 2088 polenta
764 2009 944 2089 impositum.
979 2009 1105 2071 lichenas

203 2114 271 2156 cum
299 2096 385 2156 melle
413 2096 531 2157 inlitum
556 2105 672 2179 purgat.
718 2097 819 2159 adoera
843 2100 948 2178 capitis
977 2101 1105 2178 itemque

202 2185 385 2264 porriginem
412 2203 481 2245 cum
508 2187 647 2246 anserino
670 2185 756 2267 adipe
779 2188 876 2267 tergit.
913 2185 1013 2249 alvum
1040 2204 1104 2269 pur-

124 2420 183 2489 (37)
235 2450 237 2458 ι
267 2414 414 2472 lntiborum
437 2431 536 2489 genera
559 2424 623 2476 sum
648 2417 719 2488 duo,
748 2417 880 2474 subamari
908 2426 935 2474 et
963 2418 1104 2488 dulciores,

203 2500 344 2557 stomacho
372 2498 556 2573 accommodi,
585 2508 612 2557 et
632 2509 753 2570 ventrem
775 2503 946 2577 restringunt
976 2503 1037 2561 triti
1050 2518 1106 2560 cum

203 2594 296 2658 aceto,
318 2592 346 2640 et
368 2585 511 2641 oculorum
525 2583 635 2640 dolores
659 2579 734 2662 [cum
750 2579 885 2664 polenta}
916 2587 1048 2645 cardiacis
1062 2588 1107 2645 lm·

202 2685 274 2741 pone
295 2671 322 2724 in
346 2670 459 2725 sinistra
482 2668 605 2725 mamilla.

169 2910 184 2958 1
203 2904 394 2960 reficientibus
412 2905 472 2973 (stc)
493 2920 519 2974 p.
583 2911 599 2958 2
623 2905 739 2962 offertur
759 2908 900 2976 potandus
921 2908 968 2965 rh.
1032 2914 1107 2963 aaa

96 2974 274 3030 nandaerb:
292 2976 419 3044 depol.
471 2982 708 3046 tquezquaep.
746 2977 832 3032 etism
850 2979 964 3034 omri.
1016 2978 1107 3034 suer-

97 3048 224 3102 mentum
242 3047 306 3114 (su)
324 3048 369 3104 rb.
387 3052 392 3117 Ι
410 3047 547 3103 fermento
567 3048 643 3104 Pla'c.
663 3072 697 3093 =
715 3053 791 3120 cipp
808 3049 902 3104 Dioso.
957 3054 974 3103 9
993 3049 1107 3105 dissum

116 3118 140 3172 it
157 3119 210 3187 pol
227 3117 295 3185 (dir-
312 3119 369 3188 rh).
439 3123 473 3173 10
490 3117 588 3173 inlitus
604 3134 655 3187 po:
678 3118 768 3174 illitus
785 3121 836 3188 rb,
862 3119 986 3176 illinitus
1001 3121 1020 3178 l.
1042 3125 1047 3190 Ι
1071 3120 1107 3176 in·

95 3136 174 3244 iosus
191 3189 240 3244 rh:
258 3188 337 3244 fusus
354 3191 416 3259 pol.
472 3195 502 3244 11
523 3189 633 3260 magior
651 3195 715 3245 onte
732 3205 788 3246 ras.
805 3207 831 3260 s.
886 3191 1107 3261 rumpentium

95 3278 145 3331 po:
165 3261 237 3316 dom
254 3260 340 3329 τὸυ).
396 3267 430 3315 14
448 3276 496 3314 ecs
513 3276 564 3329 por
584 3276 631 3315 eos
649 3262 757 3330 roth!
779 3261 945 3336 centonibus
963 3277 1015 3316 oss.
1033 3280 1059 3318 r.

97 3337 130 3387 15
148 3332 267 3390 Lienum
283 3347 309 3401 9.
326 3335 331 3400 ι
350 3330 381 3386 in
402 3330 518 3401 potione
536 3346 588 3386 oss.
605 3335 650 3400 nt
670 3348 735 3387 cum
752 3335 845 3389 coeto:
873 3349 908 3391 cx
924 3331 992 3389 vino
1010 3332 1059 3391 Pl.

97 3409 132 3458 16
148 3405 201 3459 lico
218 3420 269 3475 po:
287 3402 343 3457 ficu
360 3403 396 3458 rh
410 3403 449 3472 (l).
466 3404 471 3471 Ι
486 3401 615 3458 scisdiois
632 3419 663 3473 9,
682 3401 805 3465 sciaticis
822 3404 921 3474 vtro),
943 3402 1077 3475 mysticis
1094 3404 1107 3462 l

95 3472 272 3541 luh'llimum
288 3491 336 3544 po.
397 3479 429 3529 19
468 3471 618 3544 onigiuem
636 3474 754 3544 pvlrhlr
776 3473 950 3546 pruriginem
967 3476 978 3530 l
1000 3474 1095 3549 (Odo).

81 3554 148 3596 cam
164 3543 254 3615 adipe
273 3544 406 3604 anserino
425 3491 472 3604 sd.
488 3546 493 3614 l
509 3545 607 3618 terget
625 3546 687 3616 pol.
