2384 3796
465 63 685 149 449.-

10 300 16 311 .
67 248 202 309 amittant
220 254 252 308 et
270 246 441 308 enucleatae
461 265 530 308 oum
547 249 651 327 pipere
671 256 820 329 teruntur,

10 330 17 341 '
66 334 176 417 quihus
199 335 402 396 admiscentur
421 337 502 395 coria
520 335 588 395 mali
612 337 642 396 in
662 343 745 396 aceto
769 335 818 397 do·

66 431 162 505 mota,
195 423 296 485 oleum
327 431 358 484 et
391 425 570 484 acerrimum
602 432 718 485 acetum
750 444 818 486 cum

64 512 193 575 tribulas
211 512 348 573 adicitur.
376 511 527 590 oportebit
544 520 646 573 autem
663 515 714 590 qni
733 531 817 573 cura-

42 600 148 663 thitur
165 602 288 680 potione
307 618 396 680 quam
420 598 585 661 diutissime
605 599 753 661 abstinere
774 635 816 643 -

29 714 32 719 ·
63 697 169 770 utpote
198 689 278 769 quod
306 696 337 750 at
363 690 476 749 vomitu
504 697 534 750 et
560 708 615 768 per
638 689 740 750 sedem
767 708 815 750 ex·

10 774 31 845 ³³.
62 776 192 839 hauriat.
242 777 385 838 adversus
421 794 511 855 quam
547 776 678 838 lactucae
716 778 816 839 caulos
844 789 932 851 acor.

16 864 27 915 -’
63 873 178 946 quanto
200 867 329 926 maiores
353 872 384 925 et
406 867 567 926 amariores
590 869 621 926 in
644 868 743 944 patina
767 885 815 927 oo-

62 961 202 1035 quuntur
223 972 261 1014 ex
289 972 364 1034 aqua
387 961 418 1014 et
446 956 489 1013 sic
517 953 655 1016 eduntur.
692 955 816 1034 cydonia
844 966 948 1027 aaron

20 1054 47 1097 ιο
60 1051 182 1105 matura
213 1042 307 1103 cruda
333 1044 366 1103 in
397 1041 464 1102 cibo
492 1050 661 1104 sumuntur.
705 1047 815 1122 optime

59 1132 135 1193 lacit
158 1138 190 1192 et
210 1132 294 1210 potio
313 1133 400 1192 ouius
423 1133 669 1210 compositionem
687 1150 757 1191 cum
779 1131 815 1191 (le
845 1135 972 1205 (rapta.)

58 1218 217 1281 stomacho
232 1218 400 1280 dicaremus
414 1221 614 1297 exposuimus.
637 1217 727 1278 bacae
741 1222 815 1279 acri·
844 1231 948 1293 24,116.

60 1308 129 1369 lolii
152 1310 241 1368 tritae
264 1315 295 1368 et
317 1325 355 1368 ex
378 1309 445 1367 vino
470 1306 563 1367 datae.
601 1324 755 1368 mororum
778 1307 814 1367 de
844 1319 948 1379 arpeo.

56 1396 142 1457 ruho
161 1414 253 1457 ancus
272 1395 433 1457 efficaciter
454 1394 574 1456 bibitur.
608 1413 684 1475 aqua
702 1398 815 1456 marina
842 1408 930 1471 arpo.

10 1497 41 1539 m
57 1484 159 1569 calida
181 1484 321 1564 clysterio
343 1483 519 1545 infunditur.

20 1634 27 1639 ’
128 1648 225 1705 vm.
250 1647 479 1705 Torminibua.

129 1766 261 1827 Lactuca
284 1765 414 1827 discocta
433 1765 532 1826 editur
552 1784 588 1826 cx
607 1766 672 1827 oleo
696 1770 812 1847 cymino
886 1774 901 1806 *

52 1856 124 1919 sale
153 1857 257 1934 sinapi.
298 1872 386 1915 ovum
416 1855 543 1915 crudum
575 1854 751 1916 diliunditur
782 1858 813 1914 in
887 1861 902 1893 *

55 1963 150 2025 vaso,
172 1951 315 2023 putamen
338 1944 403 2003 eius
426 1942 568 2022 impletur
590 1943 656 2003 oleo
680 1943 760 2022 quod
782 1945 813 2002 in

54 2051 133 2095 vaso
162 2031 352 2112 diffunditur,
380 2030 483 2091 eadem
510 2033 624 2093 ratione
655 2039 686 2092 et
713 2034 814 2092 vinum

10 2138 41 2180 ao
55 2130 92 2185 et
116 2120 190 2201 mel,
213 2122 316 2181 vinum
344 2121 382 2180 sit
410 2125 576 2180 austerum:
608 2120 681 2181 haec
704 2122 812 2200 permi-

56 2217 189 2273 scentur
202 2211 233 2270 in
248 2226 341 2270 unum
356 2206 510 2288 cocleario,
524 2216 555 2268 ot
568 2207 689 2269 bibitur.
713 2208 814 2269 holera
841 2209 857 2240 ³²
876 2212 936 2278 (oro.
956 2213 981 2279 r)

135 2364 203 2417 tat
219 2361 313 2417 oleum
327 2362 353 2417 cl.
376 2361 381 2428 Ι
407 2360 572 2416 acerrimum
591 2377 642 2416 om.
657 2362 683 2416 d.
710 2362 714 2429 Ι
739 2360 938 2430 cumtriblaap
961 2362 996 2430 (et
1015 2368 1080 2417 ante

58 2450 134 2492 corr.
148 2435 188 2503 d),
207 2449 270 2488 cnm
285 2431 398 2488 tribulis
416 2434 436 2487 ot
442 2441 464 2485 ⁰.
515 2439 531 2487 6
550 2433 649 2502 utpote
668 2432 744 2500 quod
763 2433 791 2500 (i.
811 2431 878 2501 quia
896 2431 949 2486 hoc
963 2432 1081 2501 malum,

59 2507 98 2575 cf.
118 2505 162 2561 ad.
179 2502 259 2559 Rom.
277 2513 310 2571 11,
334 2507 369 2557 at
390 2503 435 2561 ,oa
460 2503 509 2556 uhi
535 2503 600 2558 leaeo
622 2503 725 2571 primia
746 2504 830 2557 huius
853 2503 971 2571 capituti
992 2505 1081 2558 cubio

60 2574 237 2633 cholera...
252 2590 387 2643 praecepa
409 2575 578 2642 imantia,
603 2578 694 2628 tantm
717 2575 798 2628 ettam
816 2573 897 2640 iufra
919 2577 1081 2641 repetuntur

55 2651 126 2717 port
149 2645 367 2714 coenpoaita'euem
389 2644 424 2699 oh
447 2643 549 2699 editore
568 2644 713 2700 Pliniooia
740 2661 773 2699 aar
795 2645 919 2713 moratae
941 2645 1081 2714 inactum,

56 2717 151 2787 poulo
168 2721 276 2771 mutato
288 2716 341 2769 aie:
360 2731 416 2785 quo
435 2717 465 2772 et
478 2715 615 2770 vomitum
628 2732 679 2785 per
692 2715 769 2770 sitim
784 2714 949 2785 exhauriat).
966 2716 970 2783 1
992 2716 1080 2772 vomi-

61 2790 127 2842 tum
146 2787 210 2856 (tir)
229 2786 248 2841 d
266 2785 414 2855 (vomitum
432 2787 566 2857 provocet
586 2788 614 2841 et
636 2804 663 2856 p.
681 2785 759 2841 sitim
777 2786 838 2842 exh.
855 2787 950 2855 priore
969 2788 1026 2843 loco
1044 2791 1080 2858 r).

100 2863 116 2913 'l
136 2857 276 2913 Adverana
296 2873 382 2926 quam
401 2857 446 2926 (oc.
466 2857 608 2912 choleram
626 2858 669 2926 qd
686 2861 713 2911 at
724 2874 772 2926 pr.
791 2859 809 2912 l.
828 2859 867 2926 r):
893 2858 926 2912 ln
945 2874 1019 2927 aqua
1036 2861 1080 2929 (ex

62 2946 112 2985 aaa.
132 2928 217 2983 altaro
236 2929 303 2998 loco)
327 2927 351 2982 b.
415 2933 431 2982 9
451 2927 572 2998 cydonia
588 2945 618 2997 y:
638 2927 755 2983 cidonea
772 2929 798 2984 d.
865 2934 898 2984 10
916 2929 946 2984 in
964 2930 1035 3000 cybo
1054 2948 1080 3001 p.

101 3005 134 3053 11
149 3000 204 3056 vid.
223 3014 311 3068 acepta
328 3015 350 3053 o.
366 3005 382 3054 6
400 3015 434 3053 ea
450 2999 494 3054 Pl.
514 3005 619 3068 23,133.
667 3005 699 3053 12
714 2999 825 3055 Bachae
838 2997 1021 3069 <oap>rilolii
1039 3002 1082 3071 (ut

62 3072 162 3140 maara)
180 3080 210 3139 y·
238 3071 281 3138 (ut
297 3070 355 3124 aeti.
374 3070 407 3123 in
419 3071 505 3125 unico
523 3072 629 3125 litterae
642 3086 744 3125 cancro
762 3072 798 3125 ait
812 3087 876 3141 cap,
895 3072 1011 3138 fontanae
1024 3088 1080 3141 pro

64 3159 79 3197 c
97 3146 131 3196 ut
148 3156 236 3210 utapro
253 3146 305 3209 2‚t.
333 3139 463 3209 aquilolii
481 3142 594 3212 Mare).
615 3143 619 3210 Ι
642 3141 820 3212 agrifolium.
833 3183 839 3197 .
852 3184 858 3197 .
873 3141 956 3197 datur
973 3161 989 3197 r
1007 3145 1079 3212 (pro-

63 3214 130 3268 sunt
143 3211 207 3268 cdd.
222 3211 252 3282 h,
267 3211 437 3267 subveniunt
446 3212 501 3282 M).
538 3214 581 3267 tit.
594 3212 640 3266 Ad
653 3212 776 3268 tormina
784 3215 811 3268 d.
850 3219 882 3266 18
893 3219 918 3268 et
929 3220 961 3268 19
971 3230 1038 3268 vaao
1047 3230 1078 3282 p:

62 3299 130 3339 rasa
149 3283 198 3339 do.
273 3287 305 3337 19
324 3281 501 3338 diffunditur:
520 3285 555 3352 cf.
577 3283 695 3339 coicitur
714 3290 782 3352 135.
855 3290 890 3339 20
909 3285 1019 3339 austere
1037 3282 1079 3352 poi

64 3355 247 3496 phbl-rumhpe).
301 3358 334 3408 21
355 3355 384 3409 at
402 3353 438 3408 ad
457 3354 646 3423 quantitatem
660 3355 791 3410 coclearii
808 3355 889 3410 unius
907 3352 1042 3408 bibuntur
1054 3370 1079 3412 r.

123 3440 173 3480 era
252 3441 278 3494 9.

117 3527 186 3568 aaut
200 3527 424 3572 auctoratorum.
914 3518 934 3566 t
