<?xml version="1.0" encoding="UTF-8"?>
<!DOCTYPE html PUBLIC "-//W3C//DTD XHTML 1.0 Transitional//EN"
    "http://www.w3.org/TR/xhtml1/DTD/xhtml1-transitional.dtd">
<html xmlns="http://www.w3.org/1999/xhtml" xml:lang="en" lang="en">
 <head>
  <title>
</title>
<meta http-equiv="Content-Type" content="text/html;charset=utf-8" />
  <meta name='ocr-system' content='tesseract 3.04.00' />
  <meta name='ocr-capabilities' content='ocr_page ocr_carea ocr_par ocr_line ocrx_word'/>
</head>
<body>
  <div class='ocr_page' id='page_1' title='image "./pliniisecundiqu00plingoog_0029.png"; bbox 0 0 2416 3802; ppageno 0'>
   <div class='ocr_carea' id='block_1_1' title="bbox 542 174 762 238">
    <p class='ocr_par' dir='ltr' id='par_1_1' title="bbox 542 174 762 238">
     <span class='ocr_line' id='line_1_1' title="bbox 542 174 762 238; baseline 0.005 -19"><span class='ocrx_word' id='word_1_1' title='bbox 542 174 762 238; x_wconf 62' lang='lat'><strong>„22-</strong></span> 
     </span>
    </p>
   </div>
   <div class='ocr_carea' id='block_1_2' title="bbox 274 335 1206 1479">
    <p class='ocr_par' dir='ltr' id='par_1_2' title="bbox 274 335 1206 1479">
     <span class='ocr_line' id='line_1_2' title="bbox 278 335 1162 413; baseline -0.006 -13"><span class='ocrx_word' id='word_1_2' title='bbox 278 348 382 413; x_wconf 58' lang='lat' dir='ltr'><strong>ababa.</strong></span> <span class='ocrx_word' id='word_1_3' title='bbox 410 336 505 397; x_wconf 86' lang='lat' dir='ltr'><strong>loram</strong></span> <span class='ocrx_word' id='word_1_4' title='bbox 528 338 628 398; x_wconf 90' lang='lat' dir='ltr'><strong>statim</strong></span> <span class='ocrx_word' id='word_1_5' title='bbox 652 336 764 397; x_wconf 91' lang='lat' dir='ltr'><strong>sedant.</strong></span> <span class='ocrx_word' id='word_1_6' title='bbox 801 335 870 395; x_wconf 88' lang='lat' dir='ltr'><strong>folia</strong></span> <span class='ocrx_word' id='word_1_7' title='bbox 897 336 1011 396; x_wconf 90' lang='lat' dir='ltr'><strong>cicutae</strong></span> <span class='ocrx_word' id='word_1_8' title='bbox 1034 337 1107 395; x_wconf 85' lang='lat' dir='ltr'><strong>trita</strong></span> <span class='ocrx_word' id='word_1_9' title='bbox 1131 343 1162 395; x_wconf 90' lang='lat' dir='ltr'><strong>et</strong></span> 
     </span>
     <span class='ocr_line' id='line_1_3' title="bbox 409 424 1161 504; baseline -0.003 -19"><span class='ocrx_word' id='word_1_10' title='bbox 409 427 451 486; x_wconf 87' lang='lat' dir='ltr'><strong>ita</strong></span> <span class='ocrx_word' id='word_1_11' title='bbox 473 425 565 486; x_wconf 88' lang='lat' dir='ltr'><strong>fronti</strong></span> <span class='ocrx_word' id='word_1_12' title='bbox 586 427 724 504; x_wconf 91' lang='lat' dir='ltr'><strong>imposita</strong></span> <span class='ocrx_word' id='word_1_13' title='bbox 743 424 886 503; x_wconf 83' lang='lat' dir='ltr'><strong>epiforam</strong></span> <span class='ocrx_word' id='word_1_14' title='bbox 904 431 934 484; x_wconf 91' lang='lat' dir='ltr'><strong>et</strong></span> <span class='ocrx_word' id='word_1_15' title='bbox 957 431 1107 494; x_wconf 89' lang='lat' dir='ltr'><strong>tumorem</strong></span> <span class='ocrx_word' id='word_1_16' title='bbox 1131 430 1161 483; x_wconf 89' lang='lat' dir='ltr'><strong>et</strong></span> 
     </span>
     <span class='ocr_line' id='line_1_4' title="bbox 411 512 1162 575; baseline -0.003 0"><span class='ocrx_word' id='word_1_17' title='bbox 411 513 543 575; x_wconf 91' lang='lat' dir='ltr'><strong>dolorem</strong></span> <span class='ocrx_word' id='word_1_18' title='bbox 567 514 682 575; x_wconf 92' lang='lat' dir='ltr'><strong>tollunt.</strong></span> <span class='ocrx_word' id='word_1_19' title='bbox 710 512 888 574; x_wconf 89' lang='lat' dir='ltr'><strong>anacollema</strong></span> <span class='ocrx_word' id='word_1_20' title='bbox 906 513 963 573; x_wconf 90' lang='lat' dir='ltr'><strong>hoc</strong></span> <span class='ocrx_word' id='word_1_21' title='bbox 981 512 1069 574; x_wconf 90' lang='lat' dir='ltr'><strong>modo</strong></span> <span class='ocrx_word' id='word_1_22' title='bbox 1093 513 1162 573; x_wconf 85' lang='lat' dir='ltr'><strong>lieri</strong></span> 
     </span>
     <span class='ocr_line' id='line_1_5' title="bbox 274 600 1162 682; baseline -0.002 -18"><span class='ocrx_word' id='word_1_23' title='bbox 274 616 383 682; x_wconf 63' lang='lat' dir='ltr'><strong>satae.</strong></span> <span class='ocrx_word' id='word_1_24' title='bbox 411 602 500 664; x_wconf 92' lang='lat' dir='ltr'><strong>solet:</strong></span> <span class='ocrx_word' id='word_1_25' title='bbox 536 602 602 664; x_wconf 90' lang='lat' dir='ltr'><strong>lana</strong></span> <span class='ocrx_word' id='word_1_26' title='bbox 629 621 688 664; x_wconf 91' lang='lat' dir='ltr'><strong>non</strong></span> <span class='ocrx_word' id='word_1_27' title='bbox 722 609 825 662; x_wconf 89' lang='lat' dir='ltr'><strong>curata</strong></span> <span class='ocrx_word' id='word_1_28' title='bbox 853 619 921 662; x_wconf 93' lang='lat' dir='ltr'><strong>cum</strong></span> <span class='ocrx_word' id='word_1_29' title='bbox 948 600 1013 662; x_wconf 90' lang='lat' dir='ltr'><strong>albo</strong></span> <span class='ocrx_word' id='word_1_30' title='bbox 1046 603 1095 660; x_wconf 92' lang='lat' dir='ltr'><strong>ovi</strong></span> <span class='ocrx_word' id='word_1_31' title='bbox 1130 609 1162 662; x_wconf 90' lang='lat' dir='ltr'><strong>et</strong></span> 
     </span>
     <span class='ocr_line' id='line_1_6' title="bbox 311 689 1185 771; baseline 0.001 -22"><span class='ocrx_word' id='word_1_32' title='bbox 311 695 347 749; x_wconf 82' lang='lat' dir='ltr'><strong>ib.</strong></span> <span class='ocrx_word' id='word_1_33' title='bbox 410 692 487 752; x_wconf 91' lang='lat' dir='ltr'><strong>turis</strong></span> <span class='ocrx_word' id='word_1_34' title='bbox 514 692 624 771; x_wconf 84' lang='lat' dir='ltr'>polline</span> <span class='ocrx_word' id='word_1_35' title='bbox 652 692 743 752; x_wconf 87' lang='lat' dir='ltr'><strong>fronti</strong></span> <span class='ocrx_word' id='word_1_36' title='bbox 771 689 943 770; x_wconf 81' lang='lat' dir='ltr'><strong>applicatur.</strong></span> <span class='ocrx_word' id='word_1_37' title='bbox 984 692 1032 750; x_wconf 91' lang='lat' dir='ltr'><strong>ovi</strong></span> <span class='ocrx_word' id='word_1_38' title='bbox 1059 689 1185 751; x_wconf 77' lang='lat' dir='ltr'><strong>album⁵</strong></span> 
     </span>
     <span class='ocr_line' id='line_1_7' title="bbox 412 778 1160 858; baseline 0 -19"><span class='ocrx_word' id='word_1_39' title='bbox 412 780 506 841; x_wconf 91' lang='lat' dir='ltr'><strong>oculis</strong></span> <span class='ocrx_word' id='word_1_40' title='bbox 527 781 665 841; x_wconf 85' lang='lat' dir='ltr'><strong>inlusum</strong></span> <span class='ocrx_word' id='word_1_41' title='bbox 692 780 820 858; x_wconf 83' lang='lat' dir='ltr'><strong>epiforas</strong></span> <span class='ocrx_word' id='word_1_42' title='bbox 849 779 931 840; x_wconf 86' lang='lat' dir='ltr'><strong>sedat</strong></span> <span class='ocrx_word' id='word_1_43' title='bbox 959 786 990 839; x_wconf 89' lang='lat' dir='ltr'><strong>et</strong></span> <span class='ocrx_word' id='word_1_44' title='bbox 1017 778 1160 840; x_wconf 80' lang='lat' dir='ltr'><strong>uredines</strong></span> 
     </span>
     <span class='ocr_line' id='line_1_8' title="bbox 297 866 1161 948; baseline -0.001 -19"><span class='ocrx_word' id='word_1_45' title='bbox 297 880 383 943; x_wconf 69' lang='lat' dir='ltr'><strong>uasa.</strong></span> <span class='ocrx_word' id='word_1_46' title='bbox 411 870 526 948; x_wconf 88' lang='lat' dir='ltr'><strong>mitigat</strong></span> <span class='ocrx_word' id='word_1_47' title='bbox 553 877 583 930; x_wconf 93' lang='lat' dir='ltr'><strong>et</strong></span> <span class='ocrx_word' id='word_1_48' title='bbox 609 870 866 948; x_wconf 78' lang='lat' dir='ltr'><strong>refrigerationem</strong></span> <span class='ocrx_word' id='word_1_49' title='bbox 893 874 1032 946; x_wconf 86' lang='lat' dir='ltr'><strong>praestat.</strong></span> <span class='ocrx_word' id='word_1_50' title='bbox 1078 866 1161 929; x_wconf 90' lang='lat' dir='ltr'><strong>lutea</strong></span> 
     </span>
     <span class='ocr_line' id='line_1_9' title="bbox 412 956 1160 1036; baseline 0 -20"><span class='ocrx_word' id='word_1_51' title='bbox 412 975 534 1018; x_wconf 89' lang='lat' dir='ltr'><strong>ovorum</strong></span> <span class='ocrx_word' id='word_1_52' title='bbox 559 976 594 1018; x_wconf 82' lang='lat' dir='ltr'><strong>ex</strong></span> <span class='ocrx_word' id='word_1_53' title='bbox 617 960 732 1018; x_wconf 80' lang='lat' dir='ltr'><strong>resacia</strong></span> <span class='ocrx_word' id='word_1_54' title='bbox 757 964 786 1018; x_wconf 92' lang='lat' dir='ltr'><strong>et</strong></span> <span class='ocrx_word' id='word_1_55' title='bbox 809 957 905 1018; x_wconf 92' lang='lat' dir='ltr'><strong>mulso</strong></span> <span class='ocrx_word' id='word_1_56' title='bbox 927 958 959 1016; x_wconf 93' lang='lat' dir='ltr'><strong>in</strong></span> <span class='ocrx_word' id='word_1_57' title='bbox 978 956 1044 1016; x_wconf 92' lang='lat' dir='ltr'><strong>lana</strong></span> <span class='ocrx_word' id='word_1_58' title='bbox 1067 974 1160 1036; x_wconf 91' lang='lat' dir='ltr'><strong>super</strong></span> 
     </span>
     <span class='ocr_line' id='line_1_10' title="bbox 279 1044 1206 1127; baseline 0.003 -23"><span class='ocrx_word' id='word_1_59' title='bbox 279 1056 383 1118; x_wconf 79' lang='lat'><strong>28‚169.</strong></span> <span class='ocrx_word' id='word_1_60' title='bbox 411 1045 514 1106; x_wconf 90' lang='lat' dir='ltr'><strong>oculos</strong></span> <span class='ocrx_word' id='word_1_61' title='bbox 536 1048 739 1126; x_wconf 91' lang='lat' dir='ltr'><strong>imponuntur.</strong></span> <span class='ocrx_word' id='word_1_62' title='bbox 777 1064 862 1108; x_wconf 90' lang='lat' dir='ltr'><strong>caseo</strong></span> <span class='ocrx_word' id='word_1_63' title='bbox 882 1044 962 1106; x_wconf 91' lang='lat' dir='ltr'><strong>molli</strong></span> <span class='ocrx_word' id='word_1_64' title='bbox 981 1047 1104 1123; x_wconf 88' lang='lat' dir='ltr'><strong>caprino</strong></span> <span class='ocrx_word' id='word_1_65' title='bbox 1124 1063 1160 1107; x_wconf 80' lang='lat' dir='ltr'><strong>ex</strong></span> <span class='ocrx_word' id='word_1_66' title='bbox 1204 1122 1206 1127; x_wconf 15' lang='grc' dir='ltr'><strong><em>Α</em></strong></span> 
     </span>
     <span class='ocr_line' id='line_1_11' title="bbox 412 1132 1194 1215; baseline 0 -20"><span class='ocrx_word' id='word_1_67' title='bbox 412 1152 488 1213; x_wconf 86' lang='lat' dir='ltr'><strong>aqua</strong></span> <span class='ocrx_word' id='word_1_68' title='bbox 518 1135 645 1196; x_wconf 82' lang='lat' dir='ltr'><strong>ferventi</strong></span> <span class='ocrx_word' id='word_1_69' title='bbox 676 1136 814 1215; x_wconf 89' lang='lat' dir='ltr'><strong>imposito</strong></span> <span class='ocrx_word' id='word_1_70' title='bbox 845 1134 974 1214; x_wconf 85' lang='lat' dir='ltr'><strong>epitorae</strong></span> <span class='ocrx_word' id='word_1_71' title='bbox 1008 1132 1194 1196; x_wconf 65' lang='lat' dir='ltr'><strong>seductore</strong></span> 
     </span>
     <span class='ocr_line' id='line_1_12' title="bbox 279 1221 1159 1303; baseline 0.002 -21"><span class='ocrx_word' id='word_1_72' title='bbox 279 1232 384 1297; x_wconf 62' lang='lat' dir='ltr'><strong>aaliz.</strong></span> <span class='ocrx_word' id='word_1_73' title='bbox 411 1223 499 1284; x_wconf 88' lang='lat' dir='ltr'><strong>fimus</strong></span> <span class='ocrx_word' id='word_1_74' title='bbox 531 1226 670 1303; x_wconf 88' lang='lat' dir='ltr'><strong>caprinus</strong></span> <span class='ocrx_word' id='word_1_75' title='bbox 703 1242 739 1284; x_wconf 83' lang='lat' dir='ltr'><strong>ex</strong></span> <span class='ocrx_word' id='word_1_76' title='bbox 768 1222 855 1283; x_wconf 88' lang='lat' dir='ltr'><strong>melle</strong></span> <span class='ocrx_word' id='word_1_77' title='bbox 888 1221 982 1283; x_wconf 90' lang='lat' dir='ltr'><strong>oculis</strong></span> <span class='ocrx_word' id='word_1_78' title='bbox 1014 1221 1159 1284; x_wconf 86' lang='lat' dir='ltr'><strong>inlinitur.</strong></span> 
     </span>
     <span class='ocr_line' id='line_1_13' title="bbox 311 1310 1206 1392; baseline 0.004 -26"><span class='ocrx_word' id='word_1_79' title='bbox 311 1313 348 1367; x_wconf 84' lang='lat' dir='ltr'><strong>tb.</strong></span> <span class='ocrx_word' id='word_1_80' title='bbox 411 1312 563 1391; x_wconf 87' lang='lat' dir='ltr'><strong>vulpinam</strong></span> <span class='ocrx_word' id='word_1_81' title='bbox 584 1313 715 1391; x_wconf 86' lang='lat' dir='ltr'><strong>linguam</strong></span> <span class='ocrx_word' id='word_1_82' title='bbox 727 1311 888 1372; x_wconf 89' lang='lat' dir='ltr'><strong>habentem</strong></span> <span class='ocrx_word' id='word_1_83' title='bbox 900 1313 931 1371; x_wconf 93' lang='lat' dir='ltr'><strong>in</strong></span> <span class='ocrx_word' id='word_1_84' title='bbox 946 1310 1059 1371; x_wconf 89' lang='lat' dir='ltr'><strong>armilla</strong></span> <span class='ocrx_word' id='word_1_85' title='bbox 1072 1311 1158 1392; x_wconf 89' lang='lat' dir='ltr'><strong>lippi·</strong></span> <span class='ocrx_word' id='word_1_86' title='bbox 1203 1340 1206 1347; x_wconf 96' lang='lat'>·</span> 
     </span>
     <span class='ocr_line' id='line_1_14' title="bbox 412 1407 654 1479; baseline 0 -19"><span class='ocrx_word' id='word_1_87' title='bbox 412 1407 514 1460; x_wconf 86' lang='lat' dir='ltr'><strong>turum</strong></span> <span class='ocrx_word' id='word_1_88' title='bbox 537 1408 654 1479; x_wconf 89' lang='lat' dir='ltr'><strong>negant.</strong></span> 
     </span>
    </p>
   </div>
   <div class='ocr_carea' id='block_1_3' title="bbox 477 1668 1087 1740">
    <p class='ocr_par' dir='ltr' id='par_1_3' title="bbox 477 1668 1087 1740">
     <span class='ocr_line' id='line_1_15' title="bbox 477 1668 1087 1740; baseline 0.005 -16"><span class='ocrx_word' id='word_1_89' title='bbox 477 1668 587 1726; x_wconf 90' lang='lat' dir='ltr'><strong>v1111.</strong></span> <span class='ocrx_word' id='word_1_90' title='bbox 611 1669 728 1729; x_wconf 83' lang='lat' dir='ltr'><strong>Oculis</strong></span> <span class='ocrx_word' id='word_1_91' title='bbox 749 1669 890 1726; x_wconf 80' lang='lat' dir='ltr'><strong>suffusis</strong></span> <span class='ocrx_word' id='word_1_92' title='bbox 912 1668 1087 1740; x_wconf 79' lang='lat' dir='ltr'><strong>sanguina.</strong></span> 
     </span>
    </p>
   </div>
   <div class='ocr_carea' id='block_1_4' title="bbox 280 1822 1161 1904">
    <p class='ocr_par' dir='ltr' id='par_1_4' title="bbox 280 1822 1161 1904">
     <span class='ocr_line' id='line_1_16' title="bbox 280 1822 1161 1904; baseline 0 -18"><span class='ocrx_word' id='word_1_93' title='bbox 280 1834 385 1898; x_wconf 67' lang='lat' dir='ltr'><strong>talia.</strong></span> <span class='ocrx_word' id='word_1_94' title='bbox 480 1822 606 1902; x_wconf 85' lang='lat' dir='ltr'><strong>Sanguis</strong></span> <span class='ocrx_word' id='word_1_95' title='bbox 623 1823 783 1884; x_wconf 89' lang='lat' dir='ltr'><strong>instillatur</strong></span> <span class='ocrx_word' id='word_1_96' title='bbox 802 1823 954 1886; x_wconf 89' lang='lat' dir='ltr'><strong>columbae</strong></span> <span class='ocrx_word' id='word_1_97' title='bbox 969 1823 1015 1885; x_wconf 86' lang='lat' dir='ltr'><strong>vel</strong></span> <span class='ocrx_word' id='word_1_98' title='bbox 1028 1823 1161 1904; x_wconf 90' lang='lat' dir='ltr'><strong>palumbi</strong></span> 
     </span>
    </p>
   </div>
   <div class='ocr_carea' id='block_1_5' title="bbox 312 1910 1198 2081">
    <p class='ocr_par' dir='ltr' id='par_1_5' title="bbox 312 1910 1198 2081">
     <span class='ocr_line' id='line_1_17' title="bbox 312 1910 1198 1993; baseline 0.006 -25"><span class='ocrx_word' id='word_1_99' title='bbox 312 1914 348 1970; x_wconf 81' lang='lat' dir='ltr'><strong>ib.</strong></span> <span class='ocrx_word' id='word_1_100' title='bbox 412 1911 459 1972; x_wconf 92' lang='lat' dir='ltr'><strong>vel</strong></span> <span class='ocrx_word' id='word_1_101' title='bbox 481 1910 610 1991; x_wconf 81' lang='lat' dir='ltr'><strong>perdicis</strong></span> <span class='ocrx_word' id='word_1_102' title='bbox 633 1911 679 1971; x_wconf 89' lang='lat' dir='ltr'><strong>vel</strong></span> <span class='ocrx_word' id='word_1_103' title='bbox 706 1915 842 1973; x_wconf 91' lang='lat' dir='ltr'><strong>turturis.</strong></span> <span class='ocrx_word' id='word_1_104' title='bbox 884 1914 1088 1993; x_wconf 87' lang='lat' dir='ltr'><strong>superimponi</strong></span> <span class='ocrx_word' id='word_1_105' title='bbox 1111 1913 1161 1974; x_wconf 88' lang='lat' dir='ltr'><strong>dc·</strong></span> <span class='ocrx_word' id='word_1_106' title='bbox 1174 1922 1198 1964; x_wconf 73' lang='lat'><strong>1⁶</strong></span> 
     </span>
     <span class='ocr_line' id='line_1_18' title="bbox 413 1999 1159 2081; baseline 0.005 -22"><span class='ocrx_word' id='word_1_107' title='bbox 413 1999 464 2060; x_wconf 93' lang='lat' dir='ltr'><strong>bet</strong></span> <span class='ocrx_word' id='word_1_108' title='bbox 501 1999 650 2079; x_wconf 90' lang='lat' dir='ltr'><strong>splenium</strong></span> <span class='ocrx_word' id='word_1_109' title='bbox 685 2019 722 2060; x_wconf 86' lang='lat' dir='ltr'><strong>ex</strong></span> <span class='ocrx_word' id='word_1_110' title='bbox 759 2001 845 2061; x_wconf 91' lang='lat' dir='ltr'><strong>melle</strong></span> <span class='ocrx_word' id='word_1_111' title='bbox 883 2009 1001 2062; x_wconf 91' lang='lat' dir='ltr'><strong>coctum</strong></span> <span class='ocrx_word' id='word_1_112' title='bbox 1033 2001 1159 2081; x_wconf 83' lang='lat' dir='ltr'><strong>lanaque</strong></span> 
     </span>
    </p>
   </div>
   <div class='ocr_carea' id='block_1_6' title="bbox 267 2088 1160 2238">
    <p class='ocr_par' dir='ltr' id='par_1_6' title="bbox 267 2088 1160 2238">
     <span class='ocr_line' id='line_1_19' title="bbox 280 2088 1160 2162; baseline 0.005 -14"><span class='ocrx_word' id='word_1_113' title='bbox 280 2099 385 2162; x_wconf 81' lang='lat'><strong>20‚142.</strong></span> <span class='ocrx_word' id='word_1_114' title='bbox 414 2088 515 2149; x_wconf 87' lang='lat' dir='ltr'><strong>sucida</strong></span> <span class='ocrx_word' id='word_1_115' title='bbox 534 2107 569 2148; x_wconf 84' lang='lat' dir='ltr'><strong>ex</strong></span> <span class='ocrx_word' id='word_1_116' title='bbox 589 2090 655 2149; x_wconf 88' lang='lat' dir='ltr'><strong>cleo</strong></span> <span class='ocrx_word' id='word_1_117' title='bbox 673 2097 724 2150; x_wconf 93' lang='lat' dir='ltr'><strong>aut</strong></span> <span class='ocrx_word' id='word_1_118' title='bbox 742 2091 819 2151; x_wconf 89' lang='lat' dir='ltr'><strong>vino.</strong></span> <span class='ocrx_word' id='word_1_119' title='bbox 856 2090 939 2152; x_wconf 83' lang='lat' dir='ltr'><strong>radix</strong></span> <span class='ocrx_word' id='word_1_120' title='bbox 962 2098 1047 2151; x_wconf 87' lang='lat' dir='ltr'><strong>rutae</strong></span> <span class='ocrx_word' id='word_1_121' title='bbox 1075 2089 1160 2152; x_wconf 86' lang='lat' dir='ltr'><strong>inlita</strong></span> 
     </span>
     <span class='ocr_line' id='line_1_20' title="bbox 267 2170 559 2238; baseline -0.007 0"><span class='ocrx_word' id='word_1_122' title='bbox 267 2170 327 2238; x_wconf 84' lang='lat' dir='ltr'><strong>(om.</strong></span> <span class='ocrx_word' id='word_1_123' title='bbox 342 2170 385 2238; x_wconf 79' lang='lat' dir='ltr'><strong>br)</strong></span> <span class='ocrx_word' id='word_1_124' title='bbox 414 2175 559 2237; x_wconf 88' lang='lat' dir='ltr'><strong>emendat.</strong></span> 
     </span>
    </p>
   </div>
   <div class='ocr_carea' id='block_1_7' title="bbox 65 2450 1162 3594">
    <p class='ocr_par' dir='ltr' id='par_1_7' title="bbox 146 2450 1161 2666">
     <span class='ocr_line' id='line_1_21' title="bbox 218 2450 1160 2524; baseline 0 -15"><span class='ocrx_word' id='word_1_125' title='bbox 218 2460 232 2509; x_wconf 90' lang='lat'>1</span> <span class='ocrx_word' id='word_1_126' title='bbox 251 2450 379 2524; x_wconf 76' lang='grc'><strong>22122122</strong></span> <span class='ocrx_word' id='word_1_127' title='bbox 396 2468 422 2522; x_wconf 76' lang='lat' dir='ltr'><strong>g.</strong></span> <span class='ocrx_word' id='word_1_128' title='bbox 473 2459 488 2508; x_wconf 92' lang='grc'><strong>2</strong></span> <span class='ocrx_word' id='word_1_129' title='bbox 507 2453 549 2509; x_wconf 84' lang='lat' dir='ltr'><strong>ita</strong></span> <span class='ocrx_word' id='word_1_130' title='bbox 567 2470 617 2510; x_wconf 86' lang='lat' dir='ltr'><strong>om.</strong></span> <span class='ocrx_word' id='word_1_131' title='bbox 635 2456 703 2522; x_wconf 81' lang='lat' dir='ltr'><strong>rbl</strong></span> <span class='ocrx_word' id='word_1_132' title='bbox 724 2453 873 2524; x_wconf 84' lang='lat' dir='ltr'><strong>epiphoras</strong></span> <span class='ocrx_word' id='word_1_133' title='bbox 887 2456 916 2509; x_wconf 91' lang='grc'><strong>22</strong></span> <span class='ocrx_word' id='word_1_134' title='bbox 931 2454 1054 2509; x_wconf 88' lang='lat' dir='ltr'><strong>dolorem</strong></span> <span class='ocrx_word' id='word_1_135' title='bbox 1069 2455 1099 2509; x_wconf 91' lang='grc'><strong>22</strong></span> <span class='ocrx_word' id='word_1_136' title='bbox 1115 2456 1160 2509; x_wconf 86' lang='grc'><strong>22-</strong></span> 
     </span>
     <span class='ocr_line' id='line_1_22' title="bbox 146 2522 1161 2595; baseline 0 -15"><span class='ocrx_word' id='word_1_137' title='bbox 146 2541 253 2581; x_wconf 86' lang='lat' dir='ltr'><strong>moram</strong></span> <span class='ocrx_word' id='word_1_138' title='bbox 270 2522 315 2576; x_wconf 84' lang='lat' dir='ltr'><strong>rb.</strong></span> <span class='ocrx_word' id='word_1_139' title='bbox 375 2529 392 2578; x_wconf 81' lang='lat'>3</span> <span class='ocrx_word' id='word_1_140' title='bbox 412 2524 581 2580; x_wconf 84' lang='lat' dir='ltr'><strong>anacollima</strong></span> <span class='ocrx_word' id='word_1_141' title='bbox 598 2528 646 2595; x_wconf 74' lang='lat' dir='ltr'><strong>gd.</strong></span> <span class='ocrx_word' id='word_1_142' title='bbox 710 2531 802 2580; x_wconf 77' lang='lat' dir='ltr'><strong>tnon</strong></span> <span class='ocrx_word' id='word_1_143' title='bbox 821 2527 918 2579; x_wconf 85' lang='lat' dir='ltr'><strong>curata</strong></span> <span class='ocrx_word' id='word_1_144' title='bbox 935 2541 966 2594; x_wconf 74' lang='lat' dir='ltr'><strong>y:</strong></span> <span class='ocrx_word' id='word_1_145' title='bbox 993 2524 1161 2580; x_wconf 76' lang='lat' dir='ltr'><strong>incuratacl</strong></span> 
     </span>
     <span class='ocr_line' id='line_1_23' title="bbox 147 2592 1161 2666; baseline -0.001 -15"><span class='ocrx_word' id='word_1_146' title='bbox 147 2598 176 2666; x_wconf 83' lang='lat' dir='ltr'><strong>(i.</strong></span> <span class='ocrx_word' id='word_1_147' title='bbox 196 2613 217 2652; x_wconf 88' lang='lat' dir='ltr'><strong>e.</strong></span> <span class='ocrx_word' id='word_1_148' title='bbox 236 2592 437 2653; x_wconf 68' lang='lat' dir='ltr'><strong>antiomenon</strong></span> <span class='ocrx_word' id='word_1_149' title='bbox 451 2598 548 2652; x_wconf 78' lang='lat' dir='ltr'><strong>curata</strong></span> <span class='ocrx_word' id='word_1_150' title='bbox 563 2597 628 2665; x_wconf 76' lang='lat' dir='ltr'><strong>Pl),</strong></span> <span class='ocrx_word' id='word_1_151' title='bbox 652 2596 807 2652; x_wconf 83' lang='lat' dir='ltr'><strong>carminata</strong></span> <span class='ocrx_word' id='word_1_152' title='bbox 819 2597 869 2663; x_wconf 84' lang='lat' dir='ltr'><strong>rb,</strong></span> <span class='ocrx_word' id='word_1_153' title='bbox 888 2595 1030 2665; x_wconf 86' lang='lat' dir='ltr'><strong>carpicata</strong></span> <span class='ocrx_word' id='word_1_154' title='bbox 1043 2596 1104 2665; x_wconf 78' lang='lat' dir='ltr'><strong>(sic)</strong></span> <span class='ocrx_word' id='word_1_155' title='bbox 1114 2597 1161 2651; x_wconf 62' lang='lat' dir='ltr'><strong>bn.</strong></span> 
     </span>
    </p>

    <p class='ocr_par' dir='ltr' id='par_1_8' title="bbox 144 2665 1162 3392">
     <span class='ocr_line' id='line_1_24' title="bbox 181 2665 1161 2737; baseline -0.005 -12"><span class='ocrx_word' id='word_1_156' title='bbox 181 2666 298 2725; x_wconf 77' lang='lat' dir='ltr'><strong>taedai</strong></span> <span class='ocrx_word' id='word_1_157' title='bbox 314 2665 367 2719; x_wconf 84' lang='lat' dir='ltr'><strong>db:</strong></span> <span class='ocrx_word' id='word_1_158' title='bbox 387 2668 467 2722; x_wconf 81' lang='lat' dir='ltr'><strong>curat</strong></span> <span class='ocrx_word' id='word_1_159' title='bbox 484 2669 526 2722; x_wconf 67' lang='lat' dir='ltr'><strong>bt*</strong></span> <span class='ocrx_word' id='word_1_160' title='bbox 544 2669 588 2736; x_wconf 81' lang='lat' dir='ltr'><strong>(r).</strong></span> <span class='ocrx_word' id='word_1_161' title='bbox 613 2669 618 2735; x_wconf 89' lang='grc' dir='ltr'>Ι</span> <span class='ocrx_word' id='word_1_162' title='bbox 643 2667 766 2722; x_wconf 86' lang='lat' dir='ltr'><strong>uridines</strong></span> <span class='ocrx_word' id='word_1_163' title='bbox 784 2683 809 2736; x_wconf 76' lang='lat'><strong>9.</strong></span> <span class='ocrx_word' id='word_1_164' title='bbox 858 2673 872 2720; x_wconf 80' lang='lat' dir='ltr'><strong>l</strong></span> <span class='ocrx_word' id='word_1_165' title='bbox 897 2666 1110 2736; x_wconf 77' lang='lat' dir='ltr'><strong>refrigeratione</strong></span> <span class='ocrx_word' id='word_1_166' title='bbox 1129 2683 1161 2737; x_wconf 77' lang='lat'><strong>9:</strong></span> 
     </span>
     <span class='ocr_line' id='line_1_25' title="bbox 146 2736 1161 2808; baseline 0 -15"><span class='ocrx_word' id='word_1_167' title='bbox 146 2755 207 2794; x_wconf 83' lang='lat' dir='ltr'><strong>-nea</strong></span> <span class='ocrx_word' id='word_1_168' title='bbox 224 2739 293 2793; x_wconf 72' lang='lat' dir='ltr'><strong>dab.</strong></span> <span class='ocrx_word' id='word_1_169' title='bbox 318 2737 322 2804; x_wconf 84' lang='grc' dir='ltr'>Ι</span> <span class='ocrx_word' id='word_1_170' title='bbox 346 2743 412 2804; x_wconf 77' lang='lat' dir='ltr'><strong>post</strong></span> <span class='ocrx_word' id='word_1_171' title='bbox 428 2740 555 2808; x_wconf 79' lang='lat' dir='ltr'><strong>praestat</strong></span> <span class='ocrx_word' id='word_1_172' title='bbox 576 2755 646 2808; x_wconf 78' lang='lat' dir='ltr'><strong>qaae</strong></span> <span class='ocrx_word' id='word_1_173' title='bbox 663 2754 714 2807; x_wconf 78' lang='lat' dir='ltr'><strong>aeq.</strong></span> <span class='ocrx_word' id='word_1_174' title='bbox 733 2739 766 2792; x_wconf 79' lang='lat' dir='ltr'><strong>in</strong></span> <span class='ocrx_word' id='word_1_175' title='bbox 788 2739 804 2791; x_wconf 87' lang='lat' dir='ltr'><strong>b</strong></span> <span class='ocrx_word' id='word_1_176' title='bbox 830 2736 880 2807; x_wconf 74' lang='lat' dir='ltr'><strong>(Ut</strong></span> <span class='ocrx_word' id='word_1_177' title='bbox 902 2739 997 2792; x_wconf 80' lang='lat' dir='ltr'><strong>autem</strong></span> <span class='ocrx_word' id='word_1_178' title='bbox 1017 2736 1161 2793; x_wconf 71' lang='lat' dir='ltr'><strong>cicatrices</strong></span> 
     </span>
     <span class='ocr_line' id='line_1_26' title="bbox 145 2805 1160 2878; baseline -0.001 -13"><span class='ocrx_word' id='word_1_179' title='bbox 145 2810 181 2865; x_wconf 86' lang='grc'><strong>12</strong></span> <span class='ocrx_word' id='word_1_180' title='bbox 199 2809 286 2864; x_wconf 86' lang='lat' dir='ltr'><strong>oculis</strong></span> <span class='ocrx_word' id='word_1_181' title='bbox 304 2805 389 2862; x_wconf 77' lang='lat' dir='ltr'><strong>iollas</strong></span> <span class='ocrx_word' id='word_1_182' title='bbox 410 2814 457 2865; x_wconf 82' lang='lat' dir='ltr'><strong>etc.</strong></span> <span class='ocrx_word' id='word_1_183' title='bbox 482 2811 581 2864; x_wconf 79' lang='lat' dir='ltr'><strong>addito</strong></span> <span class='ocrx_word' id='word_1_184' title='bbox 602 2814 668 2864; x_wconf 77' lang='lat' dir='ltr'><strong>aaut</strong></span> <span class='ocrx_word' id='word_1_185' title='bbox 686 2824 720 2862; x_wconf 76' lang='lat' dir='ltr'><strong>aa</strong></span> <span class='ocrx_word' id='word_1_186' title='bbox 737 2825 761 2876; x_wconf 84' lang='lat' dir='ltr'><strong>r,</strong></span> <span class='ocrx_word' id='word_1_187' title='bbox 780 2813 811 2862; x_wconf 83' lang='lat' dir='ltr'><strong>at</strong></span> <span class='ocrx_word' id='word_1_188' title='bbox 828 2813 854 2863; x_wconf 83' lang='lat' dir='ltr'><strong>et</strong></span> <span class='ocrx_word' id='word_1_189' title='bbox 872 2813 953 2864; x_wconf 79' lang='lat' dir='ltr'><strong>autea</strong></span> <span class='ocrx_word' id='word_1_190' title='bbox 971 2809 1105 2878; x_wconf 71' lang='grc'><strong>22221222</strong></span> <span class='ocrx_word' id='word_1_191' title='bbox 1124 2809 1160 2864; x_wconf 75' lang='lat' dir='ltr'><strong>ab</strong></span> 
     </span>
     <span class='ocr_line' id='line_1_27' title="bbox 144 2878 1125 2949; baseline -0.001 -15"><span class='ocrx_word' id='word_1_192' title='bbox 144 2881 227 2936; x_wconf 77' lang='lat' dir='ltr'><strong>tuitio</strong></span> <span class='ocrx_word' id='word_1_193' title='bbox 246 2878 363 2949; x_wconf 79' lang='lat' dir='ltr'><strong>capitali</strong></span> <span class='ocrx_word' id='word_1_194' title='bbox 384 2884 410 2934; x_wconf 85' lang='lat' dir='ltr'><strong>et</strong></span> <span class='ocrx_word' id='word_1_195' title='bbox 424 2885 487 2949; x_wconf 78' lang='lat' dir='ltr'><strong>post</strong></span> <span class='ocrx_word' id='word_1_196' title='bbox 501 2879 566 2949; x_wconf 86' lang='lat' dir='ltr'><strong>apif.</strong></span> <span class='ocrx_word' id='word_1_197' title='bbox 581 2878 774 2949; x_wconf 79' lang='lat' dir='ltr'><strong>suspendant).</strong></span> <span class='ocrx_word' id='word_1_198' title='bbox 816 2884 831 2933; x_wconf 89' lang='lat'>8</span> <span class='ocrx_word' id='word_1_199' title='bbox 851 2895 898 2934; x_wconf 87' lang='lat' dir='ltr'><strong>ex:</strong></span> <span class='ocrx_word' id='word_1_200' title='bbox 918 2895 982 2933; x_wconf 86' lang='lat' dir='ltr'><strong>cum</strong></span> <span class='ocrx_word' id='word_1_201' title='bbox 994 2881 1031 2934; x_wconf 83' lang='lat' dir='ltr'><strong>rb</strong></span> <span class='ocrx_word' id='word_1_202' title='bbox 1046 2880 1125 2949; x_wconf 80' lang='lat' dir='ltr'><strong>(Pl).</strong></span> 
     </span>
     <span class='ocr_line' id='line_1_28' title="bbox 147 2948 1161 3032; baseline -0.002 -26"><span class='ocrx_word' id='word_1_203' title='bbox 147 2959 180 3006; x_wconf 90' lang='lat'><strong>10</strong></span> <span class='ocrx_word' id='word_1_204' title='bbox 199 2952 229 3007; x_wconf 89' lang='grc'><strong>22</strong></span> <span class='ocrx_word' id='word_1_205' title='bbox 245 2948 366 3006; x_wconf 77' lang='lat' dir='ltr'><strong>ferventi</strong></span> <span class='ocrx_word' id='word_1_206' title='bbox 381 2967 454 3021; x_wconf 87' lang='lat' dir='ltr'><strong>aqua</strong></span> <span class='ocrx_word' id='word_1_207' title='bbox 467 2950 612 3020; x_wconf 75' lang='lat' dir='ltr'><strong>supposito</strong></span> <span class='ocrx_word' id='word_1_208' title='bbox 626 2951 663 3005; x_wconf 84' lang='lat' dir='ltr'><strong>rb</strong></span> <span class='ocrx_word' id='word_1_209' title='bbox 678 2949 820 3019; x_wconf 81' lang='lat' dir='ltr'><strong>(imposito</strong></span> <span class='ocrx_word' id='word_1_210' title='bbox 840 2952 901 3020; x_wconf 61' lang='grc'><strong>22).</strong></span> <span class='ocrx_word' id='word_1_211' title='bbox 936 2956 967 3004; x_wconf 89' lang='grc'><strong>11</strong></span> <span class='ocrx_word' id='word_1_212' title='bbox 983 2967 1017 3006; x_wconf 85' lang='lat' dir='ltr'><strong>ex</strong></span> <span class='ocrx_word' id='word_1_213' title='bbox 1026 2951 1068 3020; x_wconf 75' lang='lat' dir='ltr'><strong>pol</strong></span> <span class='ocrx_word' id='word_1_214' title='bbox 1078 2950 1161 3032; x_wconf 71' lang='lat' dir='ltr'><strong>(Pl.)=</strong></span> 
     </span>
     <span class='ocr_line' id='line_1_29' title="bbox 145 3020 1161 3164; baseline -0.001 -16"><span class='ocrx_word' id='word_1_215' title='bbox 145 3023 355 3164; x_wconf 56' lang='lat' dir='ltr'><strong>litigii</strong></span> <span class='ocrx_word' id='word_1_216' title='bbox 362 3020 689 3148; x_wconf 66' lang='lat' dir='ltr'><strong>transcant·</strong></span> <span class='ocrx_word' id='word_1_217' title='bbox 703 3021 853 3158; x_wconf 61' lang='grc'><strong>212212</strong></span> <span class='ocrx_word' id='word_1_218' title='bbox 862 3020 982 3147; x_wconf 66' lang='lat' dir='ltr'><strong>”ir</strong></span> <span class='ocrx_word' id='word_1_219' title='bbox 992 3022 1161 3147; x_wconf 57' lang='lat' dir='ltr'><strong>rabat</strong></span> 
     </span>
     <span class='ocr_line' id='line_1_30' title="bbox 146 3135 1161 3234; baseline -0.001 -16"><span class='ocrx_word' id='word_1_220' title='bbox 146 3164 292 3221; x_wconf 80' lang='lat' dir='ltr'><strong>columbae</strong></span> <span class='ocrx_word' id='word_1_221' title='bbox 311 3165 372 3234; x_wconf 61' lang='lat' dir='ltr'><strong>lim).</strong></span> <span class='ocrx_word' id='word_1_222' title='bbox 395 3163 442 3220; x_wconf 84' lang='lat' dir='ltr'><strong>vel</strong></span> <span class='ocrx_word' id='word_1_223' title='bbox 459 3161 587 3232; x_wconf 88' lang='lat' dir='ltr'><strong>palumbi</strong></span> <span class='ocrx_word' id='word_1_224' title='bbox 608 3182 635 3218; x_wconf 83' lang='lat' dir='ltr'><strong>r.</strong></span> <span class='ocrx_word' id='word_1_225' title='bbox 648 3183 676 3234; x_wconf 86' lang='lat' dir='ltr'><strong>p.</strong></span> <span class='ocrx_word' id='word_1_226' title='bbox 690 3181 717 3218; x_wconf 84' lang='lat' dir='ltr'><strong>v.</strong></span> <span class='ocrx_word' id='word_1_227' title='bbox 735 3165 757 3218; x_wconf 87' lang='grc'><strong>2</strong></span> <span class='ocrx_word' id='word_1_228' title='bbox 775 3180 796 3218; x_wconf 85' lang='lat' dir='ltr'><strong>a.</strong></span> <span class='ocrx_word' id='word_1_229' title='bbox 815 3164 899 3218; x_wconf 81' lang='lat' dir='ltr'><strong>debet</strong></span> <span class='ocrx_word' id='word_1_230' title='bbox 922 3135 1009 3232; x_wconf 69' lang='lat' dir='ltr'><strong>pdbm</strong></span> <span class='ocrx_word' id='word_1_231' title='bbox 1027 3164 1161 3230; x_wconf 66' lang='grc'><strong>(21222222</strong></span> 
     </span>
     <span class='ocr_line' id='line_1_31' title="bbox 147 3232 1161 3307; baseline -0.002 -17"><span class='ocrx_word' id='word_1_232' title='bbox 147 3235 266 3307; x_wconf 80' lang='lat' dir='ltr'><strong>Sanguis</strong></span> <span class='ocrx_word' id='word_1_233' title='bbox 281 3234 456 3293; x_wconf 85' lang='lat' dir='ltr'><strong>columbinus</strong></span> <span class='ocrx_word' id='word_1_234' title='bbox 473 3232 635 3290; x_wconf 72' lang='lat' dir='ltr'><strong>instillatur.</strong></span> <span class='ocrx_word' id='word_1_235' title='bbox 666 3233 791 3290; x_wconf 85' lang='lat' dir='ltr'><strong>Perdicis</strong></span> <span class='ocrx_word' id='word_1_236' title='bbox 803 3250 871 3290; x_wconf 87' lang='lat' dir='ltr'><strong>vero</strong></span> <span class='ocrx_word' id='word_1_237' title='bbox 886 3235 916 3289; x_wconf 91' lang='grc'><strong>22</strong></span> <span class='ocrx_word' id='word_1_238' title='bbox 932 3233 1052 3289; x_wconf 81' lang='lat' dir='ltr'><strong>turturis</strong></span> <span class='ocrx_word' id='word_1_239' title='bbox 1065 3250 1161 3303; x_wconf 81' lang='lat' dir='ltr'><strong>supar-</strong></span> 
     </span>
     <span class='ocr_line' id='line_1_32' title="bbox 144 3304 1162 3392; baseline -0.001 -32"><span class='ocrx_word' id='word_1_240' title='bbox 144 3306 253 3392; x_wconf 73' lang='lat' dir='ltr'><strong>imponi</strong></span> <span class='ocrx_word' id='word_1_241' title='bbox 269 3307 362 3364; x_wconf 77' lang='lat' dir='ltr'><strong>debat</strong></span> <span class='ocrx_word' id='word_1_242' title='bbox 393 3305 472 3359; x_wconf 86' lang='lat' dir='ltr'><strong>Lana</strong></span> <span class='ocrx_word' id='word_1_243' title='bbox 489 3304 654 3391; x_wconf 21' lang='lat' dir='ltr'><strong>succidanea.</strong></span> <span class='ocrx_word' id='word_1_244' title='bbox 667 3305 729 3361; x_wconf 86' lang='lat' dir='ltr'><strong>oleo</strong></span> <span class='ocrx_word' id='word_1_245' title='bbox 749 3307 778 3361; x_wconf 90' lang='grc'><strong>22</strong></span> <span class='ocrx_word' id='word_1_246' title='bbox 795 3305 869 3389; x_wconf 75' lang='lat' dir='ltr'><strong>vino.</strong></span> <span class='ocrx_word' id='word_1_247' title='bbox 896 3305 943 3360; x_wconf 84' lang='lat' dir='ltr'><strong>rel.</strong></span> <span class='ocrx_word' id='word_1_248' title='bbox 958 3321 1018 3375; x_wconf 65' lang='lat' dir='ltr'><strong>cm„</strong></span> <span class='ocrx_word' id='word_1_249' title='bbox 1036 3306 1111 3389; x_wconf 72' lang='lat' dir='ltr'><strong>ande</strong></span> <span class='ocrx_word' id='word_1_250' title='bbox 1124 3306 1162 3374; x_wconf 87' lang='lat' dir='ltr'><strong>b).</strong></span> 
     </span>
    </p>

    <p class='ocr_par' dir='ltr' id='par_1_9' title="bbox 65 3536 714 3594">
     <span class='ocr_line' id='line_1_33' title="bbox 65 3536 714 3594; baseline 0 -19"><span class='ocrx_word' id='word_1_251' title='bbox 65 3544 111 3594; x_wconf 58' lang='grc' dir='ltr'>ι</span> <span class='ocrx_word' id='word_1_252' title='bbox 235 3559 265 3572; x_wconf 83' lang='grc'><strong>..</strong></span> <span class='ocrx_word' id='word_1_253' title='bbox 326 3537 343 3575; x_wconf 85' lang='grc' dir='ltr'><em>θ</em></span> <span class='ocrx_word' id='word_1_254' title='bbox 432 3538 462 3574; x_wconf 80' lang='lat'><strong>11</strong></span> <span class='ocrx_word' id='word_1_255' title='bbox 477 3536 505 3592; x_wconf 75' lang='grc'><strong>9.</strong></span> <span class='ocrx_word' id='word_1_256' title='bbox 649 3537 664 3577; x_wconf 77' lang='grc' dir='ltr'>θ</span> <span class='ocrx_word' id='word_1_257' title='bbox 688 3536 714 3590; x_wconf 83' lang='grc'><strong>9.</strong></span> 
     </span>
    </p>
   </div>
   <div class='ocr_carea' id='block_1_8' title="bbox 0 0 1216 3802">
    <p class='ocr_par' dir='ltr' id='par_1_10' title="bbox 0 0 1216 3802">
     <span class='ocr_line' id='line_1_34' title="bbox 0 0 1216 3802; baseline 0 0"><span class='ocrx_word' id='word_1_258' title='bbox 0 0 1216 3802; x_wconf 95' lang='lat' dir='ltr'><strong> </strong></span> 
     </span>
    </p>
   </div>
  </div>
 </body>
</html>
