2416 3802
455 124 697 191 -187-

71 285 178 347 umbra
195 288 292 366 posita
310 289 428 367 saepius
442 289 591 349 transfusa
610 288 733 352 colatur.
761 297 833 350 tunc
848 289 979 369 cydonea

70 377 168 435 iustae
191 378 369 437 maturitatis
393 376 556 438 seminibus
579 384 610 437 et
632 377 712 456 ligno
740 378 883 439 interiore
908 397 978 457 pur-

70 472 139 543 gata
161 467 245 526 etin
268 465 363 526 frusta
381 467 500 526 concisa
522 467 732 545 inmerguntur
750 483 843 546 aquae
866 474 897 527 et
919 474 980 527 tam
1047 489 1055 503 ·

71 553 124 614 diu
147 571 216 614 cum
239 571 274 614 ea
296 553 520 635 relinquuntur,
543 553 639 616 donec
656 557 689 614 in
708 573 813 616 sucum
835 557 979 616 transisse

42 641 220 703 bmalorum
238 644 300 703 vini
313 641 412 704 colore
431 643 584 724 prodatur.
615 643 693 704 hanc
711 643 869 723 diligenter
887 643 979 723 liqua-

71 738 133 792 tam
160 738 191 791 et
216 733 248 792 in
271 749 339 793 vasa
361 733 458 812 picata
486 732 624 794 diffusam
651 732 797 794 eiusmodi
824 732 891 794 loco
918 750 980 792 ser-

71 837 141 880 rare
165 819 296 881 solemne
319 827 366 882 est
389 821 425 882 ad
448 839 538 901 quem
559 824 686 883 manime
709 822 791 882 inmo
814 829 845 882 et
867 823 894 882 si
915 821 996 882 lieri-

71 909 168 988 possit
199 909 255 972 soli
285 917 413 989 negetur
440 929 587 972 accessus.
633 912 760 990 septimo
792 927 894 971 mense
918 923 981 990 'pro

72 999 141 1058 rino
164 1000 209 1058 uti
231 997 340 1060 licebit.

31 1098 60 1140 ιο
142 1086 269 1157 Quidam
296 1105 331 1148 ex
355 1087 402 1148 his
425 1096 457 1149 et
479 1089 578 1150 oleum
606 1087 685 1166 quod
713 1087 878 1168 appellatur
901 1087 983 1148 meli·

73 1192 147 1235 num
169 1175 282 1237 iaciunt
303 1175 497 1238 vehementer
519 1176 775 1238 adcommodatum
799 1176 835 1236 ad
859 1195 893 1237 ea
916 1193 980 1236 cor·

73 1265 156 1343 poris
170 1265 240 1325 uitia
254 1283 329 1344 quae
344 1268 470 1345 styptica
479 1268 589 1327 virtute
603 1264 738 1345 pellenda
753 1272 831 1326 sunt.
856 1267 981 1325 maxime

74 1360 173 1413 tamen
196 1370 233 1413 ex
255 1371 292 1414 eo
315 1354 441 1416 sudores
459 1354 577 1415 molesti
599 1353 727 1415 detineri
749 1352 847 1414 solent
868 1361 899 1414 ct
922 1361 981 1414 sto·

75 1440 180 1502 machi·
194 1451 297 1522 aperta
320 1445 458 1522 componi
476 1451 508 1504 et
529 1442 653 1504 vulnera
675 1445 707 1503 in
731 1444 826 1522 capite
849 1450 918 1503 nata
941 1442 981 1501 le-

37 1541 62 1583 1⁵
75 1531 141 1591 niri,
177 1531 252 1592 haec
274 1533 354 1592 sicco
372 1533 421 1593 die
439 1540 508 1593 ante
531 1532 687 1593 meridiem
708 1532 785 1593 lecta
807 1539 838 1591 et
860 1530 982 1592 linteolo

75 1619 231 1681 mundiore
258 1629 384 1700 purgata
410 1623 506 1682 vitreo
533 1638 604 1681 vaso
632 1623 826 1683 immittuntur
858 1628 889 1681 et
917 1620 983 1681 oleo

75 1707 182 1769 deinde
204 1711 412 1770 recentissimo
432 1727 483 1770 vas
500 1709 536 1769 ad
557 1727 654 1788 usque
677 1710 778 1771 fauces
797 1707 931 1788 repletur
954 1716 984 1768 et

75 1796 151 1875 pelle
174 1805 349 1878 coopertum
371 1797 514 1859 umbroso
536 1799 569 1858 in
592 1797 657 1858 loco
681 1805 826 1858 servatur.

138 2025 256 2101 Cydonia
270 2028 380 2101 plurimi
395 2030 570 2087 eustomaclm
580 2035 755 2086 vocaverunt.
786 2027 905 2102 styptica
920 2042 984 2083 cou·
1003 2026 1060 2095 (68)

41 2113 65 2158 ²⁰
78 2112 197 2184 primunt
218 2114 323 2169 urinam
338 2120 452 2188 propter
472 2114 659 2171 austeritatem
673 2129 761 2170 suam.
799 2111 881 2170 cruda
896 2119 987 2167 auste-

77 2195 150 2252 riora
173 2197 432 2270 emolumenturn,
454 2208 532 2256 cocta
555 2206 633 2273 grata
654 2207 683 2255 et
704 2196 818 2254 leviora.
855 2195 938 2252 cruda
959 2203 987 2252 et

127 2423 162 2501 ,l
181 2416 411 2502 saepiusquord.
432 2419 436 2487 l
457 2418 583 2488 cydonea
605 2434 658 2488 oo:
681 2416 800 2472 cidouea
817 2417 840 2485 t,
863 2413 984 2498 cydonio
1002 2414 1032 2480 b,
1043 2413 1094 2496 ,εἰς

77 2487 155 2544 tonia
172 2505 197 2545 r.
236 2489 440 2573 Δἳοιοιιιιιιιὶιιιι
457 2490 524 2559 pol:
542 2504 593 2545 om.
612 2489 658 2544 rb.
674 2491 680 2556 1
695 2488 725 2544 et
741 2489 808 2558 pol:
827 2486 926 2593 exaro
942 2487 947 2553 Ι
966 2486 1095 2539 interiori

77 2557 884 2702 incorrumpendum
898 2555 1096 2682 ccccc

76 2700 172 2826 picata
188 2703 288 2772 c(rl›),
306 2718 376 2757 vasa
393 2701 481 2772 picitu
499 2702 608 2787 (εἰῶ-φτ
630 2716 697 2756 veae
715 2699 811 2783 piccio
830 2699 848 2754 l.
870 2700 875 2768 l
895 2698 957 2770 loco
976 2697 1043 2780 pol:
1065 2695 1096 2750 in

88 2789 139 2829 oco
157 2773 202 2829 rb.
265 2773 428 2829 isolamna
444 2789 475 2843 p,
503 2772 609 2829 sollcne
626 2788 653 2826 o.
670 2776 675 2842 Ι
694 2786 818 2826 maxumo
836 2770 854 2825 l.
919 2770 1049 2840 8poso1i
1065 2783 1096 2837 9.-

76 2843 580 2983 pouetol,potertrb.lr'eptimo
596 2842 665 2914 polz
693 2858 750 2912 quo
769 2841 890 2911 septimo
908 2842 954 2895 rb.
1016 2845 1050 2895 10
1069 2837 1098 2893 et

78 2914 171 2970 oleum
188 2916 240 2973 rb:
257 2933 288 2970 in
307 2915 370 2971 oleo
387 2916 450 2986 gol.
502 2919 584 2970 tutor
602 2909 721 2984 μήλινον
739 2913 778 2968 D.
796 2917 867 2982 2,5δ.
932 2917 965 2974 11
984 2909 1097 2966 adcom-

76 2985 223 3042 modatum
263 3003 290 3042 o.
354 2992 388 3041 12
407 2986 513 3042 virtute
534 2986 600 3055 gol:
628 3000 680 3041 om.
697 2985 744 3040 rb.
806 2990 840 3039 14
858 2984 969 3054 apertat
996 2981 1096 3051 operta

76 3057 206 3128 goltrb).
222 3001 326 3140 [feriri
343 3058 437 3126 rb(l):
456 3055 534 3112 liniri
550 3073 599 3127 pc.
650 3054 778 3110 insieco
795 3053 913 3137 dietas.
933 3052 1096 3136 {walda

75 3143 132 3184 non
150 3171 156 3183 .
172 3171 179 3184 .
195 3170 201 3183 .
220 3147 251 3184 ιιι
268 3127 373 3184 umidis
391 3129 468 3195 natu)
490 3128 588 3198 y(rb):
617 3125 747 3184 sicolidie
768 3126 813 3194 ol,
836 3140 876 3180 suc
900 3123 1008 3179 cotidie
1023 3121 1097 3192 Μ(

76 3200 142 3255 ante
158 3199 204 3271 gl:
224 3198 319 3254 adrb.
336 3199 340 3268 Ι
356 3200 386 3254 et
404 3198 434 3254 in
452 3197 570 3255 linteolo
590 3198 706 3267 (lineolo
720 3198 769 3267 po)
783 3215 820 3251 m.
834 3213 861 3266 p.
876 3194 942 3265 pot,
962 3193 1098 3277 eilinteo

75 3271 196 3341 purgato
213 3269 361 3326 mundiore
379 3271 416 3325 rb
442 3270 533 3338 (omisi
549 3269 598 3339 in).
665 3275 699 3324 16
717 3268 808 3323 vitreo
825 3281 894 3323 raso
917 3264 1101 3319 inmiiuntur

65 3338 135 3411 'epos
162 3340 194 3396 in
216 3341 307 3398 vitreo
330 3357 400 3397 vaso
427 3342 504 3410 (vose
530 3342 550 3410 l)
578 3340 733 3394 mittuntur
756 3339 824 3409 pol,
850 3337 880 3391 in
904 3336 1026 3390 vitreum
1050 3350 1100 3389 vac

75 3411 227 3468 mittuntur
243 3413 288 3468 rb.
345 3418 378 3466 17
399 3415 428 3468 ei
445 3410 637 3468 recentissimo
658 3410 721 3467 oleo
739 3426 789 3465 vas
809 3422 897 3478 usque
915 3407 952 3461 ad
969 3405 989 3460 f.
1008 3423 1032 3460 r.
1050 3405 1097 3460 rb.

78 3483 136 3554 lad
153 3500 239 3554 usque
257 3499 287 3553 g:
306 3500 395 3553 usque
414 3483 450 3538 ad
467 3483 575 3552 ul(rb).
772 3482 777 3492 '
