2416 3802
501 95 743 160 -186—

224 262 339 321 ucetica
361 259 523 338 existimat,
546 259 727 319 austeritatis
751 257 877 319 fortasse
896 257 1051 320 beneflcio.
1087 276 1135 320 ce·

224 357 322 411 terum
337 347 461 429 styptica
476 349 673 426 comprimere
687 348 804 407 urinam
818 349 912 426 magis
930 365 1020 426 quam
1034 349 1136 409 eicere

225 445 417 499 consuerunt.
454 435 546 496 orrida
569 437 734 497 austeriora
752 444 830 497 sunt.
864 435 956 516 cruda
977 439 1082 516 itaque
1107 445 1137 498 et

224 533 340 587 matura
359 525 496 587 coeliacis
514 525 709 604 dysentericis
728 527 903 603 sanguinem
919 523 1137 587 reiactantihus

162 622 178 656 ’¹‘
223 622 350 695 prosunt
367 617 399 676 in
417 613 484 675 cibo
502 621 629 694 sumpta.
661 620 833 693 coquuntur
851 621 883 674 at
900 615 1048 675 incinere
1065 615 1165 675 cali-5

202 705 347 765 ‘dissimo
370 704 464 764 farina
486 702 630 784 involuta,
658 709 688 763 et
715 703 812 782 aegris
840 720 968 781 quorum
990 702 1138 765 diuturna

225 796 282 854 iam
311 791 403 853 lebris
430 799 489 873 est,
521 794 584 852 sine
616 791 751 871 periculo
783 789 899 852 dantur.
944 790 1079 853 thoracis
1107 796 1139 854 ct

226 880 371 943 stomachi
401 888 549 950 tormenta
581 882 725 959 mitigant.
775 897 851 958 aqua
887 883 976 941 etiam
1013 881 1139 943 caelesti

225 969 412 1049 madescunt,
436 986 511 1046 quae
534 977 633 1048 potest
654 968 690 1028 ad
709 967 800 1028 multa
823 967 990 1048 prodesse..
1011 987 1084 1030 nam
1108 977 1139 1033 et

227 1058 306 1119 sedis
328 1058 398 1119 vitia
420 1059 450 1117 in
479 1059 644 1119 tomentum
666 1056 821 1136 adsumpta
844 1056 955 1119 delenit
978 1066 1010 1119 et
1031 1061 1181 1143 matri-1⁰

226 1147 311 1208 cibus
343 1148 521 1208 seminarum
547 1148 580 1206 in
612 1153 729 1207 tumore
757 1147 907 1207 succurrit
933 1145 1138 1228 omnibusque

226 1235 394 1297 fervoribus
411 1234 603 1297 vehementer
621 1231 748 1296 obsistit.
775 1233 892 1295 infundi
910 1252 1030 1314 quoque
1050 1244 1139 1298 aceto

228 1327 288 1387 sive
312 1327 380 1386 vino
404 1325 513 1406 solent,
542 1323 621 1402 quod
648 1321 837 1400 stmnachicis
866 1331 896 1384 et
922 1325 1140 1386 intestinorum

227 1413 322 1474 iltrcre
345 1416 456 1474 vexatis
479 1413 710 1492 oportunissime
734 1413 868 1472 offertur.

292 1501 340 1562 Fit
362 1519 399 1561 ex
426 1501 565 1579 cydoneis
588 1503 688 1561 vinum
719 1519 778 1580 quo
802 1499 901 1561 colore
929 1499 1140 1581 languentium
1154 1513 1182 1555 1⁵

227 1588 373 1650 desideria
400 1589 546 1650 tollantur.
588 1606 656 1649 nam
684 1591 782 1668 specie
812 1597 841 1649 et
868 1597 957 1668 gustu
984 1597 1015 1650 ct
1042 1589 1139 1652 odore

229 1677 388 1739 cuiuslibet
410 1679 470 1737 vini
492 1679 602 1738 veteris
624 1679 784 1757 imaginem
805 1686 1025 1758 repraesentat,
1055 1678 1139 1740 ideo-

229 1786 286 1846 que
311 1765 416 1828 Graeci
439 1766 611 1845 ydromelon
634 1765 789 1846 appellant.
831 1784 868 1826 ex
890 1766 992 1828 multis
1015 1785 1139 1848 compo·

229 1855 386 1918 sitionihus
409 1856 474 1916 eius
497 1855 602 1915 melior
625 1855 698 1916 haec
717 1861 747 1915 ct
768 1854 870 1915 utilior
892 1855 1029 1917 traditur.
1068 1865 1140 1936 post

229 1944 411 2006 caniculares
430 1951 530 2005 aestus
549 1961 754 2023 qsraecumque
774 1961 805 2004 se
824 1961 861 2004 ex
879 1946 965 2004 noris
987 1941 1139 2006 imbribus
1154 1959 1182 2000 ²⁰

229 2051 304 2112 aqua
332 2032 468 2093 caelestis
495 2031 639 2093 infuderit
666 2032 777 2093 mundo
796 2049 866 2092 vaso
886 2033 1032 2113 excipitur
1052 2041 1084 2094 et
1106 2036 1141 2095 in
1177 2032 1180 2044 “

195 2247 209 2294 1
234 2238 354 2295 extimat
377 2237 415 2294 N.
479 2244 496 2292 2
520 2237 609 2294 eicere
630 2255 662 2308 p:
689 2255 770 2294 acere
789 2239 822 2308 (1)
844 2238 879 2293 N
898 2240 993 2310 (agere
1016 2238 1141 2309 Maius),

124 2311 197 2367 ciere
215 2312 247 2366 ol
260 2311 327 2381 (rb).
372 2316 389 2365 3
409 2309 606 2364 cruda—sunt
623 2310 687 2365 cdd.
705 2309 745 2365 N.
761 2313 765 2379 Ι
780 2309 877 2380 itaque
895 2312 925 2365 et
941 2309 1142 2379 pulsaturo,

122 2383 219 2452 itaque
237 2384 298 2451 (om.
313 2383 352 2450 et)
366 2380 405 2435 N.
442 2381 542 2435 obtine
558 2381 590 2435 d:
614 2378 747 2449 Cydonea
760 2396 797 2436 cr.
812 2384 841 2436 et
853 2382 922 2436 mat.
936 2385 983 2436 etc.
1020 2381 1142 2453 teplic-

124 2454 163 2509 cis
180 2454 271 2523 θην),
293 2450 398 2507 niliacis
415 2468 440 2506 o.
457 2453 461 2521 l
477 2450 582 2520 dysint.
599 2449 664 2519 No,
682 2451 805 2520 dyssent.
825 2452 901 2521 ὂψ),
921 2451 1019 2507 dhent.
1039 2451 1063 2522 l,
1083 2451 1142 2508 dis·

124 2524 189 2578 sint.
208 2541 230 2578 r.
252 2525 256 2593 l
280 2522 480 2579 reiectantibus
497 2521 531 2576 N
537 2523 572 2591 (et
585 2523 623 2591 d).
686 2528 703 2577 b
722 2521 829 2592 sumpti
846 2525 901 2590 ott
925 2522 1060 2578 cocuntur
1077 2522 1117 2578 N.
1134 2524 1137 2594 l
1164 2543 1169 2554 ·

124 2595 154 2649 in
172 2596 237 2664 pot:
257 2609 307 2650 cns.
326 2594 362 2648 rt
381 2599 406 2649 et
423 2593 462 2651 N.
508 2599 525 2648 6
542 2592 677 2648 diuturna
693 2593 751 2647 ism
790 2610 806 2647 c
824 2599 851 2648 ct
868 2590 910 2648 N:
928 2592 986 2648 iam
1004 2593 1141 2650 diuturne

124 2666 233 2734 tetdo).
289 2671 304 2720 7
324 2664 409 2720 febris
427 2667 470 2719 cst
485 2664 540 2734 pel
557 2663 639 2719 etN:
657 2663 743 2719 febris
762 2608 822 2734 Nm.
837 2665 891 2735 est)
908 2665 954 2720 rb.
970 2665 975 2734 Ι
991 2663 1077 2719 datur
1094 2666 1141 2721 rb.

127 2737 131 2808 l
149 2735 253 2790 tenacis
277 2738 307 2791 et
328 2734 446 2791 stomcci
468 2736 490 2792 t
509 2733 643 2806 mitigant
664 2735 728 2791 add.
747 2734 783 2790 N
797 2734 907 2806 (ΕΜ).
988 2735 1142 2792 Bcaelesti

124 2823 176 2863 om.
196 2796 238 2860 td.
306 2813 323 2862 9
347 2805 526 2861 madescunt:
552 2806 586 2860 ἐπ
612 2807 661 2860 hoc
687 2822 713 2860 c.
736 2806 828 2875 deficit
854 2807 954 2874 folium
974 2805 1010 2861 N
1033 2805 1142 2874 (mada-

125 2876 233 2932 laciunt
251 2877 332 2946 brtl
352 2880 383 2932 et
400 2892 451 2932 om.
470 2877 497 2935 d.
552 2882 586 2932 10
605 2877 756 2946 adsumpta
772 2893 820 2947 po.
839 2877 845 2946 Ι
865 2875 967 2932 delinit
982 2877 1141 2948 pcld(rh).

162 2954 193 3002 11
214 2947 244 3002 in
262 2947 358 3004 dolore
377 2949 435 3017 (aed
450 2949 510 3017 ipse
525 2963 613 3017 supro
630 2963 683 3002 aer.
700 2949 820 3017 tumore)
839 2949 856 3003 l.
907 2953 940 3002 12
958 2947 1143 3004 vehementer

125 3017 281 3075 fervoubus
298 3019 343 3076 rb.
359 3021 365 3089 Ι
379 3019 560 3076 vehementer
577 3034 627 3075 em.
647 3020 673 3074 d.
691 3021 695 3086 Ι
711 3019 741 3073 in
758 3021 839 3075 aceto
858 3018 917 3075 siue
934 3017 965 3073 in
982 3017 1051 3074 sino
1070 3019 1141 3089 (sive

125 3091 192 3147 rino
213 3090 241 3157 d)
259 3091 412 3161 pelethi).
476 3096 509 3145 13
529 3089 708 3145 stomachicis
729 3107 781 3160 po:
809 3089 948 3145 stomachi
966 3088 1012 3158 ld,
1036 3093 1142 3147 moma-

125 3161 190 3217 ticis
203 3162 249 3216 rt.
295 3168 330 3216 14
343 3160 578 3232 opportunissime
591 3176 608 3215 o
622 3163 722 3286 (effert.
735 3164 772 3231 9).
789 3163 793 3228 Ι
809 3160 935 3216 offertur:
953 3161 1007 3225 huc
1015 3175 1102 3231 usque
1114 3162 1141 3217 d.

163 3238 197 3287 15
217 3232 348 3300 cydoneis
365 3249 395 3302 p,
415 3232 538 3288 cidoneis
555 3247 585 3285 o:
604 3247 639 3300 cy
659 3231 731 3286 oniis
750 3233 793 3301 lb,
814 3232 933 3302 cytcniis
950 3247 974 3286 r.
1022 3237 1142 3288 lanam

128 3304 158 3358 et
176 3321 215 3373 sp.
235 3305 252 3358 t.
270 3302 275 3374 Ι
291 3303 320 3358 et
333 3305 418 3373 gustu
431 3304 474 3359 ol:
494 3303 580 3373 gustu
592 3303 629 3357 rh
640 3303 685 3373 (p).
733 3307 766 3358 17
780 3303 993 3372 repraesentent
1009 3303 1141 3373 pol(rh).

163 3379 197 3429 18
214 3373 377 3443 ydromelon
393 3374 459 3444 gol:
478 3368 637 3443 deipc'putcr
650 3373 744 3430 Dione.
759 3378 828 3444 t‚30.
845 3375 850 3443 Ι
866 3388 900 3429 ex
917 3373 983 3443 gele
1003 3375 1033 3429 et
1047 3391 1082 3429 ex
1094 3374 1141 3432 rt.

162 3450 194 3496 21
216 3460 284 3500 raso
299 3461 353 3516 po:
371 3461 438 3502 vase
455 3445 540 3515 l(rb).
879 3464 892 3490 .’
