2416 3802
424 205 666 268 -147—

29 374 86 445 gat
114 385 152 428 ex
178 384 271 446 aquae
305 367 417 447 cyathis
447 375 587 447 quattuor
615 370 705 429 unius
733 368 846 429 denarii
873 387 946 449 pon·

30 455 110 516 dere
146 456 346 535 propinatum.
397 455 611 517 sorbitionibus
648 457 773 517 mixtum
809 458 948 536 pituitam

31 545 169 624 pectoris
196 543 291 605 solvit.
333 563 403 605 cum
430 544 505 605 lacte
535 547 656 624 caprino
684 553 802 607 coctum
829 545 947 607 dolores

33 634 170 712 pectoris
192 634 316 712 mitigat.
353 635 500 694 aieiunis
524 652 560 694 ex
578 633 665 694 melle
685 631 836 713 sumptum
858 637 947 695 tussi·

10 719 159 782 tentibus
182 720 311 782 salutare
334 730 388 782 est.

106 957 217 1014 xlm
250 958 299 1013 Do
321 960 452 1015 eruco(
664 970 668 977 ’
844 938 851 945 ’
977 963 1022 1018 Pl.

106 1090 205 1155 Eruca
219 1090 328 1156 calidae
344 1094 473 1176 quidem,
487 1113 547 1157 non
563 1102 662 1157 tamen
673 1096 796 1161 nimium
811 1105 946 1158 austerae
957 1039 1046 1103 Μ’

10 1216 16 1257 ;
46 1181 211 1263 ignitasque
229 1183 349 1245 virtutis
370 1189 423 1244 est.
450 1183 520 1244 inde
539 1201 680 1244 venerem
700 1185 825 1245 manime
844 1185 946 1245 stimu-
960 1177 1054 1231 D2'080·

46 1267 83 1331 bt
103 1270 134 1331 in
157 1270 224 1332 cibo
243 1279 361 1350 sumpta
381 1278 412 1332 et
434 1269 615 1351 digestiones
638 1270 755 1333 adiuvat
778 1279 809 1333 et
830 1274 948 1333 urinam
957 1253 1046 1316 ’Μ’

29 1367 146 1420 moret.
182 1359 314 1422 lactucae
333 1378 452 1441 quoque
471 1363 581 1441 optime
603 1362 637 1421 in
655 1359 722 1421 cibo
744 1361 890 1442 iungitur,
915 1367 948 1421 nt
958 1336 1005 1461 1}
1002 1336 1035 1459 ξι

52 1446 134 1527 figuti
159 1467 214 1529 par
241 1448 341 1511 servor
362 1448 510 1511 admixtus
537 1457 806 1530 temperamentum
829 1449 946 1510 salubre
993 1450 1000 1475 '
1039 1450 1045 1462 '

56 1545 207 1617 componat.
234 1555 271 1598 ex
287 1539 355 1598 vino
378 1545 448 1618 pota
471 1536 609 1600 duritiam
631 1556 737 1600 sensus
757 1545 861 1599 contra
882 1557 947 1600 ver·

56 1617 114 1685 bera
140 1623 272 1687 creditur
294 1644 383 1706 posse
405 1633 568 1707 praestare.
604 1625 768 1688 infantibus
795 1629 947 1688 tussienti-

57 1705 103 1771 bus
124 1714 156 1774 in
183 1713 250 1774 cibo
272 1715 355 1775 utilis
378 1722 433 1777 est.
475 1715 605 1776 maculas
629 1718 692 1777 cuti
715 1715 791 1777 tollit
813 1735 851 1776 ex
872 1716 947 1777 facie

59 1813 112 1860 tunt
130 1800 217 1862 melle
239 1802 336 1884 inlita,
357 1802 517 1883 lentigines
539 1802 676 1865 extrahit.
712 1802 794 1865 radix
817 1805 850 1865 in
872 1822 948 1884 aqua

60 1882 165 1950 lecocta
191 1890 320 1952 extrahit
346 1910 414 1953 ossa
436 1910 512 1972 quae
540 1893 633 1953 fracta
661 1901 740 1953 sunt.
781 1910 884 1953 semen
911 1910 948 1953 ex

60 1973 113 2038 tino
124 1987 228 2058 potum
246 1982 438 2059 scorpionum
452 1999 566 2043 venena
583 1983 714 2060 itemque
734 1983 835 2043 aranei
854 1983 948 2042 muris

61 2062 182 2130 excludit
225 2069 325 2147 nigras
356 2071 511 2130 cicatrices
539 2088 608 2133 cum
639 2069 707 2130 felle
734 2069 880 2132 bubulino
912 2069 948 2130 atl

61 2152 201 2221 tillonem
227 2156 353 2218 reducit.
398 2157 570 2220 condituras
602 2175 769 2237 coquorum
799 2167 859 2219 tam
884 2160 950 2236 ipsa

60 2375 254 2392 k—

127 2473 298 2532 liasturcium
325 2475 438 2533 calidum
467 2486 525 2549 est,
552 2485 580 2533 et
605 2475 715 2534 coniicit
737 2493 832 2534 carnes
858 2479 895 2533 ita
918 2485 948 2533 ut
967 2486 1024 2554 (63)

32 2550 216 2634 ”mumngu
236 2558 334 2634 flegma
356 2568 385 2616 ot
410 2559 490 2618 iaciat
511 2561 694 2637 stranguriam
707 2553 743 2617 'ui
767 2569 808 2618 est
830 2569 946 2617 meatum

62 2639 138 2701 illuto
158 2643 286 2701 obduret·
321 2660 413 2702 semen
435 2635 500 2702 eins
516 2646 611 2702 tritum
634 2662 696 2702 cum
717 2644 852 2702 fermento
874 2645 946 2702 duri·

62 2718 100 2780 lits
124 2744 217 2786 omncs
244 2727 318 2785 tollit
345 2735 373 2784 et
400 2729 579 2788 carbunculos
606 2739 694 2787 curat.
736 2744 828 2786 semen
855 2730 948 2786 tritum

61 2819 108 2867 tin
127 2828 196 2888 aqua
217 2812 357 2888 paniculas
378 2815 492 2888 spargit.

115 3197 130 3245 1
148 3191 384 3262 quatuorque),
408 3211 460 3246 mr.
480 3193 512 3245 ul
534 3193 585 3260 (vn
605 3191 703 3262 Ptin).
724 3194 728 3258 Ι
748 3192 808 3250 den
827 3197 910 3262 pomi.
929 3194 965 3247 rb
975 3194 1055 3261 (Pl,):

52 3259 153 3319 inuti
177 3263 244 3329 (cm.
262 3263 358 3333 poni.)
386 3262 449 3331 pol.
518 3261 695 3318 4Aieinnus
717 3264 778 3333 (sic)
799 3280 824 3321 c.
864 3264 931 3318 Post
948 3265 990 3318 ut.
1017 3281 1057 3319 ac·

50 3334 141 3402 quom
165 3332 266 3401 solium
292 3333 385 3388 album
411 3333 481 3387 inc
508 3348 571 3387 cum
597 3334 700 3388 lacuna
722 3334 908 3404 capitulorum
938 3336 1058 3403 ptusque

49 3406 238 3488 (nv—pm).
283 3411 299 3460 6
318 3404 410 3458 Eruca
427 3419 478 3459 om.
492 3405 538 3473 qi,
551 3409 616 3473 post
629 3403 744 3460 virtutis
757 3407 802 3460 ast
818 3407 998 3473 interponam
1010 3406 1056 3458 rb.

47 3482 233 3602 sitibit
245 3475 279 3614 ’μ
297 3480 458 3639 ollub⁰⁸r⁸l
475 3476 888 3620 ib.,⁰'0'²tl⁶tnallrllt‘l?
913 3492 968 3531 ‘m'
985 3477 1028 3542 ”’

873 3632 935 3692 lb*
