<?xml version="1.0" encoding="UTF-8"?>
<!DOCTYPE html PUBLIC "-//W3C//DTD XHTML 1.0 Transitional//EN"
    "http://www.w3.org/TR/xhtml1/DTD/xhtml1-transitional.dtd">
<html xmlns="http://www.w3.org/1999/xhtml" xml:lang="en" lang="en">
 <head>
  <title>
</title>
<meta http-equiv="Content-Type" content="text/html;charset=utf-8" />
  <meta name='ocr-system' content='tesseract 3.04.00' />
  <meta name='ocr-capabilities' content='ocr_page ocr_carea ocr_par ocr_line ocrx_word'/>
</head>
<body>
  <div class='ocr_page' id='page_1' title='image "./pliniisecundiqu00plingoog_0184.png"; bbox 0 0 2416 3802; ppageno 0'>
   <div class='ocr_carea' id='block_1_1' title="bbox 113 152 1061 379">
    <p class='ocr_par' dir='ltr' id='par_1_1' title="bbox 113 152 1061 379">
     <span class='ocr_line' id='line_1_1' title="bbox 429 152 672 216; baseline 0.008 -2"><span class='ocrx_word' id='word_1_1' title='bbox 429 189 473 200; x_wconf 77' lang='lat'>—</span> <span class='ocrx_word' id='word_1_2' title='bbox 520 152 582 216; x_wconf 81' lang='grc'><strong>177</strong></span> <span class='ocrx_word' id='word_1_3' title='bbox 630 188 672 198; x_wconf 85' lang='lat'><strong>-</strong></span> 
     </span>
     <span class='ocr_line' id='line_1_2' title="bbox 113 309 1061 379; baseline 0.003 -17"><span class='ocrx_word' id='word_1_4' title='bbox 113 310 162 363; x_wconf 86' lang='lat' dir='ltr'><strong>De</strong></span> <span class='ocrx_word' id='word_1_5' title='bbox 182 309 365 374; x_wconf 79' lang='lat' dir='ltr'><strong>sisymbrio.</strong></span> <span class='ocrx_word' id='word_1_6' title='bbox 944 311 1061 379; x_wconf 74' lang='lat' dir='ltr'><strong>(ticon-</strong></span> 
     </span>
    </p>
   </div>
   <div class='ocr_carea' id='block_1_2' title="bbox 38 382 1059 752">
    <p class='ocr_par' dir='ltr' id='par_1_2' title="bbox 38 382 1059 752">
     <span class='ocr_line' id='line_1_3' title="bbox 109 382 1045 511; baseline 0.002 -43"><span class='ocrx_word' id='word_1_7' title='bbox 109 409 288 486; x_wconf 76' lang='lat' dir='ltr'><strong>Sisymbrium</strong></span> <span class='ocrx_word' id='word_1_8' title='bbox 308 412 438 468; x_wconf 89' lang='lat' dir='ltr'><strong>virtutem</strong></span> <span class='ocrx_word' id='word_1_9' title='bbox 460 409 541 468; x_wconf 88' lang='lat' dir='ltr'><strong>habet</strong></span> <span class='ocrx_word' id='word_1_10' title='bbox 562 411 684 469; x_wconf 82' lang='lat' dir='ltr'>calidam.</span> <span class='ocrx_word' id='word_1_11' title='bbox 722 429 815 470; x_wconf 91' lang='lat' dir='ltr'><strong>semeu</strong></span> <span class='ocrx_word' id='word_1_12' title='bbox 837 415 896 470; x_wconf 90' lang='lat' dir='ltr'><strong>eius</strong></span> <span class='ocrx_word' id='word_1_13' title='bbox 918 382 1045 511; x_wconf 45' lang='lat' dir='ltr'><strong>eriwssoe·</strong></span> 
     </span>
     <span class='ocr_line' id='line_1_4' title="bbox 38 493 1059 593; baseline 0.003 -40"><span class='ocrx_word' id='word_1_14' title='bbox 38 495 109 553; x_wconf 87' lang='lat' dir='ltr'><strong>vino</strong></span> <span class='ocrx_word' id='word_1_15' title='bbox 132 503 228 571; x_wconf 89' lang='lat' dir='ltr'><strong>potum</strong></span> <span class='ocrx_word' id='word_1_16' title='bbox 249 493 423 553; x_wconf 84' lang='lat' dir='ltr'><strong>difficultates</strong></span> <span class='ocrx_word' id='word_1_17' title='bbox 445 497 539 553; x_wconf 84' lang='lat' dir='ltr'><strong>uriooc</strong></span> <span class='ocrx_word' id='word_1_18' title='bbox 563 496 681 554; x_wconf 86' lang='lat' dir='ltr'><strong>calculos</strong></span> <span class='ocrx_word' id='word_1_19' title='bbox 704 497 822 573; x_wconf 84' lang='lat' dir='ltr'><strong>trangit,</strong></span> <span class='ocrx_word' id='word_1_20' title='bbox 845 498 950 574; x_wconf 89' lang='lat' dir='ltr'><strong>singul·</strong></span> <span class='ocrx_word' id='word_1_21' title='bbox 961 495 1059 593; x_wconf 54' lang='lat' dir='ltr'><strong>Am)</strong></span> 
     </span>
     <span class='ocr_line' id='line_1_5' title="bbox 38 581 1015 666; baseline 0 -28"><span class='ocrx_word' id='word_1_22' title='bbox 38 588 104 638; x_wconf 86' lang='lat' dir='ltr'><strong>tum</strong></span> <span class='ocrx_word' id='word_1_23' title='bbox 128 588 155 637; x_wconf 90' lang='lat' dir='ltr'><strong>et</strong></span> <span class='ocrx_word' id='word_1_24' title='bbox 174 582 312 638; x_wconf 78' lang='lat' dir='ltr'><strong>tortiones</strong></span> <span class='ocrx_word' id='word_1_25' title='bbox 332 581 524 638; x_wconf 90' lang='lat' dir='ltr'><strong>intestinorum</strong></span> <span class='ocrx_word' id='word_1_26' title='bbox 545 581 631 638; x_wconf 87' lang='lat' dir='ltr'><strong>sedat.</strong></span> <span class='ocrx_word' id='word_1_27' title='bbox 671 581 737 639; x_wconf 86' lang='lat' dir='ltr'><strong>folia</strong></span> <span class='ocrx_word' id='word_1_28' title='bbox 759 584 818 639; x_wconf 87' lang='lat' dir='ltr'><strong>etus</strong></span> <span class='ocrx_word' id='word_1_29' title='bbox 840 583 903 639; x_wconf 90' lang='lat' dir='ltr'><strong>trita</strong></span> <span class='ocrx_word' id='word_1_30' title='bbox 925 591 953 640; x_wconf 92' lang='lat' dir='ltr'><strong>et</strong></span> <span class='ocrx_word' id='word_1_31' title='bbox 984 613 1015 666; x_wconf 76' lang='lat' dir='ltr'><strong><em>D</em></strong></span> 
     </span>
     <span class='ocr_line' id='line_1_6' title="bbox 39 656 1049 752; baseline 0.003 -31"><span class='ocrx_word' id='word_1_32' title='bbox 39 664 132 722; x_wconf 80' lang='lat' dir='ltr'><strong>tronti</strong></span> <span class='ocrx_word' id='word_1_33' title='bbox 146 663 188 722; x_wconf 83' lang='lat' dir='ltr'><strong>rel</strong></span> <span class='ocrx_word' id='word_1_34' title='bbox 209 663 378 740; x_wconf 78' lang='lat' dir='ltr'><strong>temporibus</strong></span> <span class='ocrx_word' id='word_1_35' title='bbox 391 665 510 740; x_wconf 85' lang='lat' dir='ltr'><strong>inposito</strong></span> <span class='ocrx_word' id='word_1_36' title='bbox 530 663 653 722; x_wconf 89' lang='lat' dir='ltr'><strong>dolorem</strong></span> <span class='ocrx_word' id='word_1_37' title='bbox 669 668 764 742; x_wconf 90' lang='lat' dir='ltr'><strong>capitis</strong></span> <span class='ocrx_word' id='word_1_38' title='bbox 780 669 952 742; x_wconf 76' lang='lat' dir='ltr'><strong>extinguunt,</strong></span> <span class='ocrx_word' id='word_1_39' title='bbox 962 656 1049 752; x_wconf 48' lang='grc' dir='ltr'><strong>Μ,</strong></span> 
     </span>
    </p>
   </div>
   <div class='ocr_carea' id='block_1_3' title="bbox 10 750 951 910">
    <p class='ocr_par' dir='ltr' id='par_1_3' title="bbox 10 750 951 910">
     <span class='ocr_line' id='line_1_7' title="bbox 10 750 951 826; baseline 0.004 -21"><span class='ocrx_word' id='word_1_40' title='bbox 10 756 144 807; x_wconf 83' lang='lat' dir='ltr'><strong>scontra</strong></span> <span class='ocrx_word' id='word_1_41' title='bbox 169 750 240 807; x_wconf 90' lang='lat' dir='ltr'><strong>ictus</strong></span> <span class='ocrx_word' id='word_1_42' title='bbox 263 765 405 825; x_wconf 78' lang='lat' dir='ltr'><strong>vesparum</strong></span> <span class='ocrx_word' id='word_1_43' title='bbox 431 750 474 807; x_wconf 85' lang='lat' dir='ltr'><strong>rel</strong></span> <span class='ocrx_word' id='word_1_44' title='bbox 501 751 591 824; x_wconf 92' lang='lat' dir='ltr'><strong>apium</strong></span> <span class='ocrx_word' id='word_1_45' title='bbox 617 759 745 826; x_wconf 88' lang='lat' dir='ltr'><strong>prosunt.</strong></span> <span class='ocrx_word' id='word_1_46' title='bbox 783 769 864 809; x_wconf 93' lang='lat' dir='ltr'><strong>sucus</strong></span> <span class='ocrx_word' id='word_1_47' title='bbox 891 753 951 809; x_wconf 85' lang='lat' dir='ltr'><strong>eius</strong></span> 
     </span>
     <span class='ocr_line' id='line_1_8' title="bbox 39 834 455 910; baseline -0.002 -19"><span class='ocrx_word' id='word_1_48' title='bbox 39 841 130 910; x_wconf 85' lang='lat' dir='ltr'><strong>potus</strong></span> <span class='ocrx_word' id='word_1_49' title='bbox 150 834 283 891; x_wconf 82' lang='lat' dir='ltr'><strong>vomitum</strong></span> <span class='ocrx_word' id='word_1_50' title='bbox 304 835 455 910; x_wconf 78' lang='lat' dir='ltr'><strong>restringit.</strong></span> 
     </span>
    </p>
   </div>
   <div class='ocr_carea' id='block_1_4' title="bbox 112 1019 1028 1091">
    <p class='ocr_par' dir='ltr' id='par_1_4' title="bbox 112 1019 1028 1091">
     <span class='ocr_line' id='line_1_9' title="bbox 112 1019 1028 1091; baseline 0.004 -18"><span class='ocrx_word' id='word_1_51' title='bbox 112 1021 161 1073; x_wconf 83' lang='lat' dir='ltr'><strong>De</strong></span> <span class='ocrx_word' id='word_1_52' title='bbox 177 1021 354 1084; x_wconf 74' lang='lat' dir='ltr'><strong>portulaca</strong></span> <span class='ocrx_word' id='word_1_53' title='bbox 371 1019 542 1089; x_wconf 84' lang='lat' dir='ltr'><strong>(porcelloce</strong></span> <span class='ocrx_word' id='word_1_54' title='bbox 561 1020 626 1089; x_wconf 80' lang='lat' dir='ltr'><strong>Pl).</strong></span> <span class='ocrx_word' id='word_1_55' title='bbox 970 1023 1028 1091; x_wconf 77' lang='lat'>(43)</span> 
     </span>
    </p>
   </div>
   <div class='ocr_carea' id='block_1_5' title="bbox 10 1118 1050 1379">
    <p class='ocr_par' dir='ltr' id='par_1_5' title="bbox 10 1118 1050 1379">
     <span class='ocr_line' id='line_1_10' title="bbox 108 1118 1022 1200; baseline 0.004 -21"><span class='ocrx_word' id='word_1_56' title='bbox 108 1121 254 1180; x_wconf 84' lang='lat' dir='ltr'><strong>Portulaea</strong></span> <span class='ocrx_word' id='word_1_57' title='bbox 280 1138 377 1180; x_wconf 86' lang='lat' dir='ltr'><strong>recens</strong></span> <span class='ocrx_word' id='word_1_58' title='bbox 400 1122 546 1199; x_wconf 76' lang='lat' dir='ltr'><strong>refrigerat</strong></span> <span class='ocrx_word' id='word_1_59' title='bbox 574 1118 715 1200; x_wconf 80' lang='lat' dir='ltr'><strong>[calefacto</strong></span> <span class='ocrx_word' id='word_1_60' title='bbox 737 1141 801 1182; x_wconf 85' lang='lat' dir='ltr'><strong>vero</strong></span> <span class='ocrx_word' id='word_1_61' title='bbox 829 1124 953 1183; x_wconf 80' lang='lat' dir='ltr'><strong>calefacit</strong></span> <span class='ocrx_word' id='word_1_62' title='bbox 984 1129 1022 1183; x_wconf 89' lang='lat' dir='ltr'><strong>D.</strong></span> 
     </span>
     <span class='ocr_line' id='line_1_11' title="bbox 43 1200 1050 1284; baseline 0.002 -20"><span class='ocrx_word' id='word_1_63' title='bbox 43 1215 72 1264; x_wconf 89' lang='lat' dir='ltr'><strong>et</strong></span> <span class='ocrx_word' id='word_1_64' title='bbox 87 1200 263 1284; x_wconf 64' lang='lat' dir='ltr'><strong>refrigerat}</strong></span> <span class='ocrx_word' id='word_1_65' title='bbox 292 1205 325 1263; x_wconf 82' lang='lat' dir='ltr'><strong>ad</strong></span> <span class='ocrx_word' id='word_1_66' title='bbox 341 1207 483 1264; x_wconf 92' lang='lat' dir='ltr'><strong>oculorum</strong></span> <span class='ocrx_word' id='word_1_67' title='bbox 505 1216 627 1264; x_wconf 87' lang='lat' dir='ltr'><strong>tumores</strong></span> <span class='ocrx_word' id='word_1_68' title='bbox 650 1210 713 1264; x_wconf 84' lang='lat' dir='ltr'><strong>trito</strong></span> <span class='ocrx_word' id='word_1_69' title='bbox 736 1226 798 1266; x_wconf 89' lang='lat' dir='ltr'><strong>cum</strong></span> <span class='ocrx_word' id='word_1_70' title='bbox 819 1225 889 1284; x_wconf 90' lang='lat' dir='ltr'><strong>pane</strong></span> <span class='ocrx_word' id='word_1_71' title='bbox 911 1210 952 1266; x_wconf 90' lang='lat' dir='ltr'><strong>ln·</strong></span> <span class='ocrx_word' id='word_1_72' title='bbox 962 1204 1050 1266; x_wconf 55' lang='lat'><strong>215⁰-</strong></span> 
     </span>
     <span class='ocr_line' id='line_1_12' title="bbox 10 1291 748 1379; baseline 0.001 -31"><span class='ocrx_word' id='word_1_73' title='bbox 10 1292 14 1379; x_wconf 60' lang='lat' dir='ltr'>j</span> <span class='ocrx_word' id='word_1_74' title='bbox 43 1292 158 1366; x_wconf 88' lang='lat' dir='ltr'><strong>ponitur</strong></span> <span class='ocrx_word' id='word_1_75' title='bbox 176 1297 206 1349; x_wconf 87' lang='lat' dir='ltr'><strong>et</strong></span> <span class='ocrx_word' id='word_1_76' title='bbox 226 1291 382 1367; x_wconf 76' lang='lat' dir='ltr'><strong>podagricis</strong></span> <span class='ocrx_word' id='word_1_77' title='bbox 404 1291 486 1348; x_wconf 85' lang='lat' dir='ltr'><strong>simili</strong></span> <span class='ocrx_word' id='word_1_78' title='bbox 508 1291 591 1349; x_wconf 87' lang='lat' dir='ltr'><strong>modo</strong></span> <span class='ocrx_word' id='word_1_79' title='bbox 613 1293 748 1350; x_wconf 88' lang='lat' dir='ltr'><strong>medetur.</strong></span> 
     </span>
    </p>
   </div>
   <div class='ocr_carea' id='block_1_6' title="bbox 111 1477 1028 1552">
    <p class='ocr_par' dir='ltr' id='par_1_6' title="bbox 111 1477 1028 1552">
     <span class='ocr_line' id='line_1_13' title="bbox 111 1477 1028 1552; baseline 0.008 -21"><span class='ocrx_word' id='word_1_80' title='bbox 111 1480 159 1532; x_wconf 83' lang='lat' dir='ltr'><strong>De</strong></span> <span class='ocrx_word' id='word_1_81' title='bbox 177 1477 314 1531; x_wconf 77' lang='lat' dir='ltr'><strong>escario.</strong></span> <span class='ocrx_word' id='word_1_82' title='bbox 972 1484 1028 1552; x_wconf 77' lang='lat'>(44)</span> 
     </span>
    </p>
   </div>
   <div class='ocr_carea' id='block_1_7' title="bbox 46 1578 1051 1825">
    <p class='ocr_par' dir='ltr' id='par_1_7' title="bbox 46 1578 1051 1825">
     <span class='ocr_line' id='line_1_14' title="bbox 108 1578 1051 1646; baseline 0.007 -10"><span class='ocrx_word' id='word_1_83' title='bbox 108 1578 215 1638; x_wconf 82' lang='lat' dir='ltr'><strong>liscaria</strong></span> <span class='ocrx_word' id='word_1_84' title='bbox 242 1581 370 1637; x_wconf 88' lang='lat' dir='ltr'><strong>virtutem</strong></span> <span class='ocrx_word' id='word_1_85' title='bbox 399 1579 479 1637; x_wconf 88' lang='lat' dir='ltr'><strong>babet</strong></span> <span class='ocrx_word' id='word_1_86' title='bbox 505 1579 630 1638; x_wconf 90' lang='lat' dir='ltr'><strong>medendi</strong></span> <span class='ocrx_word' id='word_1_87' title='bbox 657 1581 781 1638; x_wconf 91' lang='lat' dir='ltr'><strong>omnibus</strong></span> <span class='ocrx_word' id='word_1_88' title='bbox 809 1581 1051 1646; x_wconf 73' lang='lat' dir='ltr'><strong>doloribusundet</strong></span> 
     </span>
     <span class='ocr_line' id='line_1_15' title="bbox 46 1650 952 1742; baseline 0.003 -20"><span class='ocrx_word' id='word_1_89' title='bbox 46 1664 159 1722; x_wconf 86' lang='lat' dir='ltr'><strong>internis</strong></span> <span class='ocrx_word' id='word_1_90' title='bbox 186 1665 293 1740; x_wconf 87' lang='lat' dir='ltr'><strong>hepatis</strong></span> <span class='ocrx_word' id='word_1_91' title='bbox 319 1672 348 1721; x_wconf 89' lang='lat' dir='ltr'><strong>et</strong></span> <span class='ocrx_word' id='word_1_92' title='bbox 363 1650 517 1724; x_wconf 74' lang='lat' dir='ltr'><strong>‘stomachi</strong></span> <span class='ocrx_word' id='word_1_93' title='bbox 555 1682 638 1723; x_wconf 89' lang='lat' dir='ltr'><strong>sucus</strong></span> <span class='ocrx_word' id='word_1_94' title='bbox 665 1667 724 1723; x_wconf 89' lang='lat' dir='ltr'><strong>eins</strong></span> <span class='ocrx_word' id='word_1_95' title='bbox 752 1683 812 1724; x_wconf 90' lang='lat' dir='ltr'><strong>cum</strong></span> <span class='ocrx_word' id='word_1_96' title='bbox 837 1666 952 1742; x_wconf 79' lang='lat' dir='ltr'><strong>‘pulvere</strong></span> 
     </span>
     <span class='ocr_line' id='line_1_16' title="bbox 47 1748 835 1825; baseline 0.004 -20"><span class='ocrx_word' id='word_1_97' title='bbox 47 1749 146 1825; x_wconf 84' lang='lat' dir='ltr'><strong>piperis</strong></span> <span class='ocrx_word' id='word_1_98' title='bbox 168 1749 227 1807; x_wconf 89' lang='lat' dir='ltr'><strong>triti</strong></span> <span class='ocrx_word' id='word_1_99' title='bbox 247 1749 325 1824; x_wconf 90' lang='lat' dir='ltr'><strong>potui</strong></span> <span class='ocrx_word' id='word_1_100' title='bbox 347 1748 433 1810; x_wconf 79' lang='lat' dir='ltr'><strong>datur.</strong></span> <span class='ocrx_word' id='word_1_101' title='bbox 470 1749 595 1806; x_wconf 90' lang='lat' dir='ltr'><strong>similiter</strong></span> <span class='ocrx_word' id='word_1_102' title='bbox 617 1758 644 1807; x_wconf 89' lang='lat' dir='ltr'><strong>et</strong></span> <span class='ocrx_word' id='word_1_103' title='bbox 666 1751 723 1807; x_wconf 91' lang='lat' dir='ltr'><strong>ictu</strong></span> <span class='ocrx_word' id='word_1_104' title='bbox 744 1750 835 1809; x_wconf 86' lang='lat' dir='ltr'><strong>laesis.</strong></span> 
     </span>
    </p>
   </div>
   <div class='ocr_carea' id='block_1_8' title="bbox 111 1930 1027 2004">
    <p class='ocr_par' dir='ltr' id='par_1_8' title="bbox 111 1930 1027 2004">
     <span class='ocr_line' id='line_1_17' title="bbox 111 1930 1027 2004; baseline 0.001 -16"><span class='ocrx_word' id='word_1_105' title='bbox 111 1936 160 1988; x_wconf 84' lang='lat' dir='ltr'><strong>De</strong></span> <span class='ocrx_word' id='word_1_106' title='bbox 180 1935 353 1989; x_wconf 75' lang='lat' dir='ltr'><strong>obroteno.</strong></span> <span class='ocrx_word' id='word_1_107' title='bbox 847 1930 849 1938; x_wconf 88' lang='grc'><strong>’</strong></span> <span class='ocrx_word' id='word_1_108' title='bbox 971 1936 1027 2004; x_wconf 82' lang='lat'>(45)</span> 
     </span>
    </p>
   </div>
   <div class='ocr_carea' id='block_1_9' title="bbox 55 2036 1042 2536">
    <p class='ocr_par' dir='ltr' id='par_1_9' title="bbox 55 2036 1042 2536">
     <span class='ocr_line' id='line_1_18' title="bbox 108 2036 1021 2096; baseline 0.002 -3"><span class='ocrx_word' id='word_1_109' title='bbox 108 2036 277 2095; x_wconf 80' lang='lat' dir='ltr'><strong>Abrotonum</strong></span> <span class='ocrx_word' id='word_1_110' title='bbox 298 2039 427 2095; x_wconf 86' lang='lat' dir='ltr'><strong>virtutem</strong></span> <span class='ocrx_word' id='word_1_111' title='bbox 452 2037 533 2095; x_wconf 87' lang='lat' dir='ltr'><strong>habet</strong></span> <span class='ocrx_word' id='word_1_112' title='bbox 560 2036 683 2095; x_wconf 83' lang='lat' dir='ltr'><strong>calidam.</strong></span> <span class='ocrx_word' id='word_1_113' title='bbox 719 2037 784 2095; x_wconf 84' lang='lat' dir='ltr'><strong>lolia</strong></span> <span class='ocrx_word' id='word_1_114' title='bbox 807 2039 865 2095; x_wconf 89' lang='lat' dir='ltr'><strong>eius</strong></span> <span class='ocrx_word' id='word_1_115' title='bbox 888 2039 953 2095; x_wconf 88' lang='lat' dir='ltr'><strong>trita</strong></span> <span class='ocrx_word' id='word_1_116' title='bbox 984 2041 1021 2096; x_wconf 92' lang='lat' dir='ltr'><strong>D.</strong></span> 
     </span>
     <span class='ocr_line' id='line_1_19' title="bbox 55 2117 1042 2196; baseline 0.004 -19"><span class='ocrx_word' id='word_1_117' title='bbox 55 2136 108 2178; x_wconf 89' lang='lat' dir='ltr'><strong>cum</strong></span> <span class='ocrx_word' id='word_1_118' title='bbox 129 2121 206 2179; x_wconf 89' lang='lat' dir='ltr'><strong>malis</strong></span> <span class='ocrx_word' id='word_1_119' title='bbox 228 2119 357 2196; x_wconf 80' lang='lat' dir='ltr'><strong>cydoneis</strong></span> <span class='ocrx_word' id='word_1_120' title='bbox 379 2129 454 2179; x_wconf 91' lang='lat' dir='ltr'><strong>cocta</strong></span> <span class='ocrx_word' id='word_1_121' title='bbox 471 2122 613 2180; x_wconf 92' lang='lat' dir='ltr'><strong>oculorum</strong></span> <span class='ocrx_word' id='word_1_122' title='bbox 630 2129 750 2179; x_wconf 88' lang='lat' dir='ltr'><strong>tumores</strong></span> <span class='ocrx_word' id='word_1_123' title='bbox 766 2130 870 2180; x_wconf 81' lang='lat' dir='ltr'><strong>curant.</strong></span> <span class='ocrx_word' id='word_1_124' title='bbox 905 2123 952 2179; x_wconf 89' lang='lat' dir='ltr'><strong>tri·</strong></span> <span class='ocrx_word' id='word_1_125' title='bbox 971 2117 1042 2181; x_wconf 52' lang='lat'><strong>326,</strong></span> 
     </span>
     <span class='ocr_line' id='line_1_20' title="bbox 55 2205 952 2283; baseline 0.009 -23"><span class='ocrx_word' id='word_1_126' title='bbox 55 2210 105 2263; x_wconf 88' lang='lat' dir='ltr'><strong>tum</strong></span> <span class='ocrx_word' id='word_1_127' title='bbox 119 2214 148 2264; x_wconf 93' lang='lat' dir='ltr'><strong>et</strong></span> <span class='ocrx_word' id='word_1_128' title='bbox 162 2214 272 2266; x_wconf 86' lang='lat' dir='ltr'><strong>coctum</strong></span> <span class='ocrx_word' id='word_1_129' title='bbox 286 2223 346 2264; x_wconf 90' lang='lat' dir='ltr'><strong>cum</strong></span> <span class='ocrx_word' id='word_1_130' title='bbox 367 2206 469 2280; x_wconf 78' lang='lat' dir='ltr'><strong>polliae</strong></span> <span class='ocrx_word' id='word_1_131' title='bbox 489 2205 641 2264; x_wconf 87' lang='lat' dir='ltr'><strong>hordeaceo</strong></span> <span class='ocrx_word' id='word_1_132' title='bbox 662 2206 822 2264; x_wconf 77' lang='lat' dir='ltr'><strong>furunculos</strong></span> <span class='ocrx_word' id='word_1_133' title='bbox 837 2208 952 2283; x_wconf 85' lang='lat' dir='ltr'><strong>spargit.</strong></span> 
     </span>
     <span class='ocr_line' id='line_1_21' title="bbox 57 2285 952 2367; baseline 0.004 -23"><span class='ocrx_word' id='word_1_134' title='bbox 57 2304 139 2349; x_wconf 86' lang='lat' dir='ltr'><strong>senen</strong></span> <span class='ocrx_word' id='word_1_135' title='bbox 161 2293 220 2350; x_wconf 88' lang='lat' dir='ltr'><strong>eius</strong></span> <span class='ocrx_word' id='word_1_136' title='bbox 242 2292 400 2366; x_wconf 85' lang='lat' dir='ltr'><strong>suspiriosis</strong></span> <span class='ocrx_word' id='word_1_137' title='bbox 422 2285 594 2367; x_wconf 78' lang='lat' dir='ltr'><strong>(prodest),</strong></span> <span class='ocrx_word' id='word_1_138' title='bbox 617 2292 756 2348; x_wconf 88' lang='lat' dir='ltr'><strong>urinarum</strong></span> <span class='ocrx_word' id='word_1_139' title='bbox 779 2289 952 2348; x_wconf 81' lang='lat' dir='ltr'><strong>difficultates</strong></span> 
     </span>
     <span class='ocr_line' id='line_1_22' title="bbox 59 2373 952 2451; baseline 0.002 -21"><span class='ocrx_word' id='word_1_140' title='bbox 59 2373 137 2438; x_wconf 80' lang='lat' dir='ltr'><strong>solvit.</strong></span> <span class='ocrx_word' id='word_1_141' title='bbox 173 2382 269 2434; x_wconf 87' lang='lat' dir='ltr'><strong>contra</strong></span> <span class='ocrx_word' id='word_1_142' title='bbox 290 2375 464 2450; x_wconf 75' lang='lat' dir='ltr'><strong>scorpionum</strong></span> <span class='ocrx_word' id='word_1_143' title='bbox 492 2377 563 2432; x_wconf 89' lang='lat' dir='ltr'><strong>ictus</strong></span> <span class='ocrx_word' id='word_1_144' title='bbox 585 2391 647 2432; x_wconf 90' lang='lat' dir='ltr'><strong>cum</strong></span> <span class='ocrx_word' id='word_1_145' title='bbox 670 2375 731 2431; x_wconf 90' lang='lat' dir='ltr'><strong>vino</strong></span> <span class='ocrx_word' id='word_1_146' title='bbox 761 2383 882 2451; x_wconf 87' lang='lat' dir='ltr'><strong>potatur.</strong></span> <span class='ocrx_word' id='word_1_147' title='bbox 919 2392 952 2433; x_wconf 82' lang='lat' dir='ltr'><strong>er</strong></span> 
     </span>
     <span class='ocr_line' id='line_1_23' title="bbox 59 2457 548 2536; baseline 0.006 -22"><span class='ocrx_word' id='word_1_148' title='bbox 59 2457 110 2517; x_wconf 89' lang='lat' dir='ltr'><strong>riuo</strong></span> <span class='ocrx_word' id='word_1_149' title='bbox 130 2467 226 2536; x_wconf 90' lang='lat' dir='ltr'><strong>potum</strong></span> <span class='ocrx_word' id='word_1_150' title='bbox 248 2466 387 2517; x_wconf 86' lang='lat' dir='ltr'><strong>menstrua</strong></span> <span class='ocrx_word' id='word_1_151' title='bbox 408 2469 548 2534; x_wconf 78' lang='lat' dir='ltr'><strong>provocet.</strong></span> 
     </span>
    </p>
   </div>
   <div class='ocr_carea' id='block_1_10' title="bbox 420 2596 580 2605">
    <p class='ocr_par' dir='ltr' id='par_1_10' title="bbox 420 2596 580 2605">
     <span class='ocr_line' id='line_1_24' title="bbox 420 2596 580 2605; baseline 0.006 -2"><span class='ocrx_word' id='word_1_152' title='bbox 420 2596 580 2605; x_wconf 79' lang='lat'>———-</span> 
     </span>
    </p>
   </div>
   <div class='ocr_carea' id='block_1_11' title="bbox 113 2652 1029 2722">
    <p class='ocr_par' dir='ltr' id='par_1_11' title="bbox 113 2652 1029 2722">
     <span class='ocr_line' id='line_1_25' title="bbox 113 2652 1029 2722; baseline 0 -14"><span class='ocrx_word' id='word_1_153' title='bbox 113 2654 161 2708; x_wconf 82' lang='lat' dir='ltr'><strong>Do</strong></span> <span class='ocrx_word' id='word_1_154' title='bbox 177 2668 396 2720; x_wconf 67' lang='lat' dir='ltr'><strong>penatoreoe.</strong></span> <span class='ocrx_word' id='word_1_155' title='bbox 972 2652 1029 2722; x_wconf 77' lang='lat' dir='ltr'><strong>(ts)</strong></span> 
     </span>
    </p>
   </div>
   <div class='ocr_carea' id='block_1_12' title="bbox 65 2754 1056 3086">
    <p class='ocr_par' dir='ltr' id='par_1_12' title="bbox 65 2754 1056 3086">
     <span class='ocr_line' id='line_1_26' title="bbox 113 2754 1056 2833; baseline 0.001 -20"><span class='ocrx_word' id='word_1_156' title='bbox 113 2754 282 2833; x_wconf 82' lang='lat' dir='ltr'><strong>Panogorace</strong></span> <span class='ocrx_word' id='word_1_157' title='bbox 305 2758 448 2815; x_wconf 78' lang='lat' dir='ltr'><strong>causticam</strong></span> <span class='ocrx_word' id='word_1_158' title='bbox 469 2759 598 2814; x_wconf 89' lang='lat' dir='ltr'><strong>virtutem</strong></span> <span class='ocrx_word' id='word_1_159' title='bbox 620 2756 702 2814; x_wconf 83' lang='lat' dir='ltr'><strong>habet</strong></span> <span class='ocrx_word' id='word_1_160' title='bbox 723 2756 809 2814; x_wconf 89' lang='lat' dir='ltr'><strong>idest</strong></span> <span class='ocrx_word' id='word_1_161' title='bbox 830 2754 1056 2816; x_wconf 76' lang='lat' dir='ltr'><strong>calidamumle?</strong></span> 
     </span>
     <span class='ocr_line' id='line_1_27' title="bbox 65 2831 954 2916; baseline -0.002 -19"><span class='ocrx_word' id='word_1_162' title='bbox 65 2831 115 2897; x_wconf 81' lang='lat' dir='ltr'><strong>iolit</strong></span> <span class='ocrx_word' id='word_1_163' title='bbox 134 2843 192 2900; x_wconf 86' lang='lat' dir='ltr'><strong>eius</strong></span> <span class='ocrx_word' id='word_1_164' title='bbox 214 2843 244 2899; x_wconf 90' lang='lat' dir='ltr'><strong>iu</strong></span> <span class='ocrx_word' id='word_1_165' title='bbox 265 2843 351 2899; x_wconf 88' lang='lat' dir='ltr'><strong>mulsa</strong></span> <span class='ocrx_word' id='word_1_166' title='bbox 374 2849 452 2899; x_wconf 86' lang='lat' dir='ltr'><strong>cocta</strong></span> <span class='ocrx_word' id='word_1_167' title='bbox 465 2850 529 2916; x_wconf 85' lang='lat' dir='ltr'><strong>pota</strong></span> <span class='ocrx_word' id='word_1_168' title='bbox 552 2840 730 2899; x_wconf 89' lang='lat' dir='ltr'><strong>tussientibus</strong></span> <span class='ocrx_word' id='word_1_169' title='bbox 752 2847 878 2915; x_wconf 88' lang='lat' dir='ltr'><strong>prosunt.</strong></span> <span class='ocrx_word' id='word_1_170' title='bbox 911 2855 954 2896; x_wconf 90' lang='lat' dir='ltr'><strong>se·</strong></span> 
     </span>
     <span class='ocr_line' id='line_1_28' title="bbox 65 2926 954 3002; baseline 0.002 -24"><span class='ocrx_word' id='word_1_171' title='bbox 65 2931 114 2980; x_wconf 81' lang='lat' dir='ltr'><strong>tren</strong></span> <span class='ocrx_word' id='word_1_172' title='bbox 136 2927 195 2984; x_wconf 90' lang='lat' dir='ltr'><strong>eius</strong></span> <span class='ocrx_word' id='word_1_173' title='bbox 221 2928 317 2984; x_wconf 87' lang='lat' dir='ltr'><strong>tritum</strong></span> <span class='ocrx_word' id='word_1_174' title='bbox 341 2942 404 2984; x_wconf 89' lang='lat' dir='ltr'><strong>cum</strong></span> <span class='ocrx_word' id='word_1_175' title='bbox 431 2927 525 3002; x_wconf 87' lang='lat' dir='ltr'><strong>pipere</strong></span> <span class='ocrx_word' id='word_1_176' title='bbox 547 2942 579 2983; x_wconf 81' lang='lat' dir='ltr'><strong>er</strong></span> <span class='ocrx_word' id='word_1_177' title='bbox 601 2926 687 2982; x_wconf 89' lang='lat' dir='ltr'><strong>mulsa</strong></span> <span class='ocrx_word' id='word_1_178' title='bbox 714 2934 811 3001; x_wconf 90' lang='lat' dir='ltr'><strong>potum</strong></span> <span class='ocrx_word' id='word_1_179' title='bbox 832 2931 954 2981; x_wconf 85' lang='lat' dir='ltr'><strong>ventrem</strong></span> 
     </span>
     <span class='ocr_line' id='line_1_29' title="bbox 67 3009 801 3086; baseline 0.003 -21"><span class='ocrx_word' id='word_1_180' title='bbox 67 3009 87 3058; x_wconf 72' lang='lat' dir='ltr'><strong>ti</strong></span> <span class='ocrx_word' id='word_1_181' title='bbox 104 3010 200 3069; x_wconf 84' lang='lat' dir='ltr'><strong>urinam</strong></span> <span class='ocrx_word' id='word_1_182' title='bbox 224 3020 316 3069; x_wconf 87' lang='lat' dir='ltr'><strong>movet</strong></span> <span class='ocrx_word' id='word_1_183' title='bbox 337 3019 365 3068; x_wconf 93' lang='lat' dir='ltr'><strong>et</strong></span> <span class='ocrx_word' id='word_1_184' title='bbox 386 3011 505 3069; x_wconf 87' lang='lat' dir='ltr'><strong>calculos</strong></span> <span class='ocrx_word' id='word_1_185' title='bbox 527 3012 554 3066; x_wconf 91' lang='lat' dir='ltr'><strong>io</strong></span> <span class='ocrx_word' id='word_1_186' title='bbox 576 3012 664 3068; x_wconf 82' lang='lat' dir='ltr'><strong>vesica</strong></span> <span class='ocrx_word' id='word_1_187' title='bbox 686 3010 801 3086; x_wconf 83' lang='lat' dir='ltr'><strong>frangit.</strong></span> 
     </span>
    </p>
   </div>
   <div class='ocr_carea' id='block_1_13' title="bbox 420 3145 581 3158">
    <p class='ocr_par' dir='ltr' id='par_1_13' title="bbox 420 3145 581 3158">
     <span class='ocr_line' id='line_1_30' title="bbox 420 3145 581 3158; baseline -0.006 -2"><span class='ocrx_word' id='word_1_188' title='bbox 420 3145 581 3158; x_wconf 57' lang='lat' dir='ltr'><strong>*a—</strong></span> 
     </span>
    </p>
   </div>
   <div class='ocr_carea' id='block_1_14' title="bbox 116 3177 1030 3246">
    <p class='ocr_par' dir='ltr' id='par_1_14' title="bbox 116 3177 1030 3246">
     <span class='ocr_line' id='line_1_31' title="bbox 116 3177 1030 3246; baseline 0.015 -13"><span class='ocrx_word' id='word_1_189' title='bbox 116 3177 162 3233; x_wconf 82' lang='lat' dir='ltr'><strong>De</strong></span> <span class='ocrx_word' id='word_1_190' title='bbox 179 3179 302 3244; x_wconf 83' lang='lat' dir='ltr'><strong>ulpino.</strong></span> <span class='ocrx_word' id='word_1_191' title='bbox 975 3177 1030 3246; x_wconf 84' lang='lat'>(58)</span> 
     </span>
    </p>
   </div>
   <div class='ocr_carea' id='block_1_15' title="bbox 64 3276 1056 3443">
    <p class='ocr_par' dir='ltr' id='par_1_15' title="bbox 64 3276 1056 3443">
     <span class='ocr_line' id='line_1_32' title="bbox 113 3276 1056 3360; baseline -0.002 -22"><span class='ocrx_word' id='word_1_192' title='bbox 113 3276 235 3360; x_wconf 87' lang='lat' dir='ltr'><strong>lllploum</strong></span> <span class='ocrx_word' id='word_1_193' title='bbox 261 3281 446 3358; x_wconf 87' lang='lat' dir='ltr'><strong>indigestibile</strong></span> <span class='ocrx_word' id='word_1_194' title='bbox 474 3289 525 3339; x_wconf 91' lang='lat' dir='ltr'><strong>est.</strong></span> <span class='ocrx_word' id='word_1_195' title='bbox 572 3299 634 3340; x_wconf 85' lang='lat' dir='ltr'><strong>curn</strong></span> <span class='ocrx_word' id='word_1_196' title='bbox 662 3281 725 3337; x_wconf 88' lang='lat' dir='ltr'><strong>vino</strong></span> <span class='ocrx_word' id='word_1_197' title='bbox 755 3282 847 3337; x_wconf 88' lang='lat' dir='ltr'><strong>tritum</strong></span> <span class='ocrx_word' id='word_1_198' title='bbox 875 3279 1056 3355; x_wconf 71' lang='lat' dir='ltr'><strong>potuissetis?</strong></span> 
     </span>
     <span class='ocr_line' id='line_1_33' title="bbox 64 3345 448 3443; baseline -0.003 -18"><span class='ocrx_word' id='word_1_199' title='bbox 64 3345 140 3425; x_wconf 72' lang='lat' dir='ltr'><strong>iatum</strong></span> <span class='ocrx_word' id='word_1_200' title='bbox 161 3367 304 3427; x_wconf 74' lang='lat' dir='ltr'><strong>calculosis</strong></span> <span class='ocrx_word' id='word_1_201' title='bbox 325 3365 448 3443; x_wconf 80' lang='lat' dir='ltr'><strong>prodest.</strong></span> 
     </span>
    </p>
   </div>
   <div class='ocr_carea' id='block_1_16' title="bbox 93 3590 400 3644">
    <p class='ocr_par' dir='ltr' id='par_1_16' title="bbox 93 3590 400 3644">
     <span class='ocr_line' id='line_1_34' title="bbox 93 3590 400 3644; baseline 0.01 -3"><span class='ocrx_word' id='word_1_202' title='bbox 93 3590 166 3641; x_wconf 68' lang='lat' dir='ltr'><strong>Puni!</strong></span> <span class='ocrx_word' id='word_1_203' title='bbox 175 3600 272 3643; x_wconf 75' lang='lat' dir='ltr'><strong>tutoris</strong></span> <span class='ocrx_word' id='word_1_204' title='bbox 283 3600 400 3644; x_wconf 77' lang='lat' dir='ltr'><strong>modiolus.</strong></span> 
     </span>
    </p>
   </div>
   <div class='ocr_carea' id='block_1_17' title="bbox 0 0 1257 3802">
    <p class='ocr_par' dir='ltr' id='par_1_17' title="bbox 0 0 1257 3802">
     <span class='ocr_line' id='line_1_35' title="bbox 0 0 1257 3802; baseline 0 0"><span class='ocrx_word' id='word_1_205' title='bbox 0 0 1257 3802; x_wconf 95' lang='lat' dir='ltr'><strong> </strong></span> 
     </span>
    </p>
   </div>
  </div>
 </body>
</html>
