2416 3802
485 158 776 244 -192-·¹

201 322 299 383 alvum
332 340 452 383 movere
486 320 565 400 quod
598 322 658 382 sint
690 322 855 403 strictiora5
884 320 1013 403 hispana
1043 340 1112 383 roro

120 406 183 460 Gal·
202 411 269 491 plus
292 410 407 472 solvere
431 409 511 488 quod
538 411 598 470 sint
625 409 766 472 dulciora.
807 410 886 471 idem
910 428 947 471 ex
974 410 1112 473 omnibus

99 483 307 580 “moronis
330 517 405 579 quae
425 501 536 559 maiora
554 506 585 558 et
607 498 682 559 elata
701 506 785 580 sunt,
808 516 843 560 ea
865 498 989 561 demum
1012 507 1111 562 tenera

202 596 232 650 et
255 589 413 668 digestioni
435 587 566 648 faciliora
590 594 620 647 et
643 583 740 648 ventri
761 587 922 648 molliendo
944 587 1109 650 adcommo-

202 677 268 738 data
295 677 472 757 praesumit,
504 674 671 738 nrinoribus
698 677 797 737 omnia
826 678 927 737 inesse
953 679 1130 739 contrariat

202 775 248 827 est
271 775 301 826 et
327 772 445 846 agreste
471 783 603 844 prunum
631 766 805 826 austerioris
834 765 1030 845 fortiorisque
1052 769 1107 827 rir-

201 857 283 915 tutis.
312 854 369 914 hoc
388 856 500 914 siccum
522 855 612 914 etiam
634 860 752 914 veteres
770 853 975 933 dysentericos
994 862 1106 916 certum

202 950 248 1003 est
271 942 417 1004 adiuvare.
454 943 567 1021 gummi
584 942 673 1003 huius
693 940 808 1003 arboris
827 960 896 1004 cum
914 945 984 1003 rino
1007 952 1106 1023 potum

202 1030 330 1092 calculos
363 1031 485 1112 frangit,
517 1048 586 1091 cnm
617 1038 701 1091 aceto
733 1031 839 1092 tritum
870 1037 961 1109 atque
993 1031 1106 1093 inlitum

122 1115 178 1184 (Pi.
202 1119 333 1180 lichenas
361 1120 472 1199 optime
504 1127 619 1198 purgat.
665 1137 741 1199 aqua
769 1120 801 1181 in
833 1137 891 1198 qua
918 1122 1011 1201 pruni
1042 1118 1105 1180 lolia
1114 1127 1134 1169 ¹⁰

104 1190 325 1270 2θ”θθὴίεοοοῐεὶ
351 1216 423 1270 sunt
449 1209 582 1287 gingivas
605 1215 635 1269 et
662 1226 749 1269 uvam
775 1209 907 1288 itemque
929 1207 1048 1270 tosillas
1073 1206 1105 1268 ab

119 1335 122 1340 -
202 1300 282 1358 omni
310 1296 430 1377 querela
457 1314 509 1356 ore
537 1295 704 1358 conluendo
730 1295 876 1378 defendit,
907 1297 961 1358 sed
988 1299 1020 1358 in
1042 1298 1105 1359 vino

201 1386 324 1447 decocta
342 1386 546 1466 vehementius
564 1393 699 1464 prosunt.
731 1385 847 1446 radices
860 1387 994 1465 itemque
1005 1393 1104 1447 cortex

202 1473 326 1535 eandem
352 1482 487 1553 stypseos
518 1472 629 1534 habent
660 1481 836 1553 potestatem
865 1491 940 1554 quae
973 1475 1006 1535 in
1033 1473 1104 1535 loliis

184 1620 185 1624 ,
202 1564 364 1623 constituta
387 1570 441 1622 cst.
1113 1568 1130 1610 n

267 1761 404 1818 XLVII.
435 1763 485 1818 De
506 1761 660 1832 maspilo.

268 1879 384 1960 Mespili
406 1879 544 1942 arborem
567 1879 755 1942 Dioscorides
779 1889 938 1942 contentus
961 1890 1104 1963 agrestem

120 1965 183 2019 Gal·
202 1970 370 2030 nominasse
397 1971 560 2048 praeteriit.
598 1968 654 2029 hoe
682 1976 799 2030 tantum
826 1970 1003 2032 adseverant
1030 1969 1104 2052 quod

95 2042 289 2136 ”lm-poma
316 2059 381 2118 eins
408 2065 439 2118 et
466 2057 535 2118 lolia
562 2059 672 2118 virtute
699 2074 760 2117 non
788 2057 968 2140 discrepent.
1005 2059 1058 2122 sed
1080 2066 1105 2120 et

202 2147 296 2206 ceteri
318 2144 502 2226 diligentius,
526 2148 577 2226 qni
596 2154 627 2207 et
644 2144 819 2208 vocabulum
840 2148 906 2208 cius
930 2147 1011 2210 alind
1030 2147 1104 2209 addi·

114 2384 169 2452 (72)
265 2376 349 2433 Pruni
370 2393 480 2451 pomum
502 2392 598 2433 recens
620 2384 743 2433 ventrem
756 2376 855 2450 soluit,
879 2379 1023 2435 stomacho
1046 2381 1135 2435 corat⁰

204 2462 315 2518 tranium
344 2461 487 2518 iudicatur.
526 2462 597 2519 sicca
625 2477 681 2517 uon
709 2469 813 2518 tantum
835 2461 951 2520 molesta
974 2471 1058 2537 sont,
1082 2463 1107 2518 io

203 2545 289 2602 mulsa
312 2553 388 2602 cocta
410 2545 498 2603 alvum
521 2553 702 2603 commovent.

168 2804 182 2850 1
198 2797 325 2867 hyspana
339 2799 356 2852 l.
403 2803 419 2852 2
433 2799 512 2855 idem
525 2817 555 2870 g:
574 2801 646 2856 Item
659 2801 677 2856 l.
723 2806 740 2854 4
754 2801 895 2869 accom(oo
908 2800 1057 2870 o)modata
1064 2818 1108 2873 ga.

131 2873 147 2921 o
167 2868 261 2923 omnia
277 2885 329 2938 go:
352 2884 403 2925 om.
422 2869 439 2923 l.
504 2876 519 2925 t
538 2873 646 2927 veteres
663 2869 848 2940 disyntericos
870 2870 1068 2941 (dysintericos
1084 2876 1109 2943 a)

95 2955 146 3009 go:
166 2938 349 3008 dysintericos
367 2940 476 2995 veteres
494 2942 512 2996 t.
568 2948 602 2997 10
620 2941 746 2997 lichenas
764 2943 823 3011 (sic)
841 2958 886 3012 go.
944 2948 978 2997 11
996 2943 1109 2999 toxillss

96 3011 156 3081 (sic)
178 3010 244 3079 gol:
273 3009 400 3065 tonsillas
429 3010 506 3069 Ptin.
591 3017 624 3067 12
648 3012 774 3082 querella
795 3028 821 3083 g.
850 3015 855 3082 Ι
884 3029 932 3069 ore
953 3013 1110 3071 conluendo

97 3080 225 3149 (cluendo
236 3082 262 3149 v)
271 3096 323 3150 gos
343 3097 392 3136 ora
405 3083 480 3152 (orae)
495 3082 643 3138 colluendo
657 3085 667 3137 l
681 3083 805 3152 (conluto
818 3099 866 3139 ore
877 3084 943 3154 Po).
990 3091 1025 3140 14
1034 3088 1109 3158 styp-

95 3154 156 3208 teos
173 3167 224 3221 go,
244 3153 361 3223 stiptsos
377 3153 396 3208 l.
422 3155 426 3221 Ι
451 3153 540 3208 habet
555 3155 600 3224 gl,
623 3154 680 3210 nso
697 3170 723 3210 a.
788 3160 820 3210 17
840 3153 989 3223 praeteriit
1006 3158 1064 3226 (aad
1076 3157 1109 3224 of.

95 3222 133 3277 D.
154 3226 269 3295 1‚1oo!).
285 3228 290 3295 l
305 3222 418 3280 tantum
435 3226 503 3294 gol:
521 3226 617 3280 tamen
634 3226 700 3294 rial
721 3224 923 3297 ad(s)ssverant
938 3227 1040 3298 g(rb):
1063 3228 1111 3283 ad·

96 3310 225 3350 serenans
244 3311 274 3364 o,
297 3310 457 3351 asseverans
476 3296 493 3351 l.
527 3297 667 3352 wormat
685 3301 776 3352 omero
794 3295 929 3367 Galenus,
950 3312 1011 3354 nors
1027 3299 1111 3356 Dioa·

96 3367 212 3433 rorida,
239 3367 312 3422 sande
335 3382 349 3421 e
370 3367 558 3436 mammosa
584 3368 719 3437 maedam
740 3368 869 3422 sidentia
895 3368 1075 3427 medaea

97 3436 239 3560 ltlceteri:
253 3438 379 3564 ogdidem
388 3439 487 3497 labent
496 3442 520 3494 et
530 3438 592 3495 Gal.
604 3438 730 3495 etDs'osc.
748 3440 752 3507 Ι
768 3437 937 3494 addiderunt
946 3439 1110 3513 (addidefo)

80 3521 155 3572 ga:
183 3523 226 3563 -ra
239 3525 289 3565 r.
