2416 3802
80 616 107 672 1.
130 617 180 673 De
203 616 335 672 rafano.

80 735 194 796 Raiano
216 734 339 796 calidam
359 737 457 796 inesse
472 737 613 797 virtutem
635 737 768 797 omnium
790 735 919 798 medico·
938 747 1016 804 Ptin.

56 839 81 883 m
109 826 248 904 opinione
276 831 464 906 compertum
492 832 550 904 est,
584 824 637 885 scd
665 833 695 884 et
720 824 806 885 nohis
834 824 920 887 intel·
931 823 1019 888 20213·

56 929 112 976 rere
128 912 164 974 de
184 931 240 974 usu
258 911 337 973 licet.
369 932 424 973 cur
439 914 518 974 enim
535 915 626 974 mixta
644 932 714 974 cum
732 913 807 974 cibis
831 921 912 975 cete·
937 894 1016 959 19²²⁶

78 1001 140 1062 sola
163 1001 199 1062 dc
223 1001 375 1063 stomacho
393 1009 498 1063 ructus
523 1003 623 1084 eiciat,
646 1004 705 1062 nisi
723 1005 793 1081 quia
817 960 1029 1082 prima(⁸⁵'⁸⁷)'

56 1087 234 1170 reoquitur?
265 1089 386 1170 capillos
414 1090 562 1170 alopecias
591 1092 700 1152 iniuria
724 1098 825 1170 raptos
853 1109 922 1152 cum

56 1175 100 1240 dle
126 1181 198 1240 trita
227 1181 366 1240 restituit.
404 1178 537 1240 eiusdem
564 1197 670 1251 sucus,
685 1182 774 1240 etiam
797 1177 922 1258 gravitass

56 1283 73 1326 n
92 1270 212 1328 aurium
234 1267 393 1328 instillatus
417 1266 563 1328 emendat.
577 1275 700 1339 ,contra
719 1285 832 1328 venena
855 1270 922 1328 uui-

56 1372 82 1416 n
100 1354 267 1416 remedium
286 1363 332 1416 est
351 1359 411 1416 sia
434 1358 535 1417 ieiuno
551 1363 693 1416 sumatur.
726 1364 831 1417 contra
843 1356 922 1436 pthi-

56 1447 115 1505 sim
137 1463 230 1506 sucus*
251 1446 316 1505 eius
335 1444 506 1524 adhibetur,
531 1446 583 1524 qui
602 1444 683 1505 solus
705 1452 806 1524 potest
824 1447 922 1524 tenui·

56 1549 71 1591 e
102 1532 205 1594 subtili
232 1531 268 1592 ad
300 1535 352 1594 imi
386 1535 521 1612 corporis
554 1533 725 1594 liniamenta
756 1539 924 1613 penetrare.

56 1624 149 1702 gyptii
178 1624 257 1682 enim
285 1639 371 1700 reges
404 1620 513 1701 quibus
542 1631 606 1683 erat
634 1621 767 1683 studium
796 1624 924 1684 scrutari

56 1724 140 1789 'pora
167 1717 356 1771 mortuorum
386 1717 416 1770 et
447 1708 644 1771 valitudinum
675 1728 779 1771 causas
809 1710 925 1771 oculata

56 1812 67 1855 e
102 1816 332 1881 recognoscere,
368 1801 399 1858 in
436 1800 502 1877 ipso
534 1797 625 1859 corde
656 1801 739 1858 nasci
775 1797 924 1859 eiusmodi

56 1953 228 1965 *—

77 2029 180 2086 Baiano
201 2029 388 2086 calidissimam
410 2031 500 2086 inesse
514 2029 642 2086 virtutem
664 2029 786 2086 omnium
807 2028 1009 2107 medico-we

56 2127 75 2169 n
92 2115 223 2189 opinione
241 2121 411 2190 compertum
431 2121 483 2170 est.
506 2114 643 2170 humectat
665 2121 694 2169 et
708 2113 841 2188 dispergit
856 2111 925 2188 fleg·
947 2110 1011 2164 oin.

73 2199 233 2256 austeritate
255 2215 321 2275 sua,
343 2198 409 2255 lolia
426 2206 518 2254 tamen
533 2199 591 2263 eius
606 2199 696 2254 minus
718 2205 827 2254 austera
849 2206 924 2254 sunt.
942 2180 1015 2235 herb·

56 2280 134 2340 iculis
149 2282 305 2339 dolentibus
320 2283 457 2340 contraria
472 2289 525 2339 est.
552 2289 712 2358 supernatat
722 2290 749 2338 et
763 2282 808 2338 vix
823 2283 924 2357 digeri·
949 2252 1004 2320 ⁶⁹)·

86 2361 299 2443 Lstomachum
321 2361 425 2444 inflat}
467 2368 576 2423 unicum
598 2368 626 2423 in
647 2366 742 2423 raiano
765 2375 861 2425 contra
879 2383 925 2423 ve·

56 2463 81 2506 ta
103 2451 264 2508 subsidium.
294 2445 401 2529 [semen
417 2453 475 2509 aius
497 2451 597 2508 lortius
618 2453 678 2526 ipsa
693 2445 811 2530 radice]
841 2467 925 2508 sucus

57 2550 155 2592 scum
178 2535 285 2594 modico
307 2536 402 2594 resino
422 2538 527 2593 aurium
550 2534 698 2592 instillatus
713 2534 805 2610 dolori
827 2551 924 2611 graves

56 2665 227 2680 hm*—

101 2825 142 2878 te't.
165 2825 307 2881 Medicina
330 2826 480 2888 deradice
503 2843 533 2896 9,
564 2827 607 2882 De
629 2826 755 2896 raphano
783 2827 824 2881 ld.
898 2831 912 2879 1
941 2825 1032 2881 inesse

61 2914 68 2946 :
86 2910 144 2950 esse
164 2896 254 2966 l(rd).
298 2902 314 2951 2
332 2897 491 2968 intelligere
509 2897 567 2967 old
581 2897 646 2966 (rh).
693 2896 800 2953 3licat=
824 2897 864 2952 sic
880 2897 915 2966 φῖ
933 2896 1032 2968 (ipsius

56 2963 78 3018 d.
100 2967 153 3034 rb).
184 2971 188 3035 l
217 2968 307 3022 mixta
389 2968 451 3023 sola
529 2966 623 3038 primo
640 2968 768 3023 etet-sic
785 2968 842 3037 ald
864 2968 900 3036 (et
918 2967 973 3038 hm,
995 2983 1031 3024 sc.

56 3031 72 3089 l.
89 3042 137 3092 oct.
154 3037 254 3093 Torani
267 3043 409 3109 excerptus
422 3039 585 3109 admoto),
598 3038 703 3094 mixtus
775 3037 851 3092 solus
924 3041 971 3094 etc.
985 3038 1032 3096 rh.

65 3111 81 3159 4
97 3107 152 3162 nisi
170 3109 239 3178 quia
256 3108 349 3178 pn'ma
369 3110 426 3180 oto
444 3109 522 3180 (ΜΨ
548 3107 604 3164 nisi
615 3109 704 3192 'priua
722 3109 767 3164 rb.
835 3114 852 3164 b
872 3107 988 3192 ulopicii
1005 3125 1031 3178 ρ,

57 3177 144 3262 0·ῃίςίἰο
160 3179 201 3235 ld.
266 3179 467 3250 8pthiriasim
487 3197 519 3251 με
545 3180 687 3264 ptynusin
702 3180 752 3264 fid:
776 3249 783 3263 υ
815 3185 849 3234 10
868 3180 956 3234 adnm
974 3195 1032 3234 eor·

56 3248 261 3307 nshmumenta
268 3253 415 3322 penetrare
424 3252 492 3322 old:
507 3251 724 3322 edrmrcorpons
732 3251 900 3306 hnuamente
909 3250 1030 3319 (adde)

56 3322 220 3388 rpenetrarc
234 3323 280 3378 rh.
319 3328 351 3377 12
365 3323 554 3379 valitudinum
568 3323 608 3392 ql.
625 3325 630 3390 1
651 3338 749 3377 causes
768 3326 831 3376 aete
848 3321 903 3376 vol.
919 3320 1030 3390 taho).

56 3389 151 3518 legalla
181 3410 211 3463 με
244 3392 412 3450 οοοιιΙΜά
434 3395 509 3464 (rh).
591 3399 624 3447 13
653 3408 820 3464 cognoscere
843 3392 884 3447 ld.
913 3391 1033 3462 thninu

56 3473 72 3512 o
151 3506 157 3518 ,
