2416 3802
463 144 775 230 '-1oe-

310 331 347 386 et.
410 327 537 390 mustela
559 327 689 409 vulgaris
716 329 880 388 inveterata
909 325 1061 388 drachmis
1083 325 1160 388 binis

277 428 383 492 29,104.
409 423 538 498 potatur.
580 418 701 497 sanguis
732 423 852 477 anatum
878 417 1069 497 ponticarum
1100 432 1159 476 ser·

277 516 382 579 aaut&
409 513 496 567 vatur
524 508 639 586 spissus
667 512 696 566 et
724 504 848 567 diluitur
875 523 913 566 ex
938 504 1016 565 rino.
1054 502 1159 566 asinini

277 606 382 671 28‚1o1.
411 596 564 675 sanguinis
591 601 681 675 potus
712 612 827 656 venene
859 595 1028 674 restinguit.
1076 591 1157 656 haedi

411 685 532 764 sanguis
555 683 669 745 utiliter
691 682 812 745 bibitur.
869 706 874 712 ·
1180 698 1191 741 s

478 831 656 889 mm.
680 831 808 887 Genua
819 831 975 900 leporem
986 828 1160 887 morinum

677 922 712 976 et
733 919 956 990 pertineoom.

479 1001 620 1064 Seeriunt
637 1003 760 1083 quidam
777 1011 809 1064 et
825 1005 941 1065 marino
963 999 1078 1081 lepore.
1111 1002 1159 1082 qui

313 1103 382 1168 32,9.
410 1110 480 1154 oum
510 1093 549 1155 sit
580 1109 676 1172 genus
706 1093 811 1174 piscis,
845 1099 972 1153 mortem
1003 1091 1100 1154 insert
1129 1093 1159 1152 in

411 1180 478 1243 eibo
493 1183 657 1263 impastus,
675 1198 736 1243 non
750 1179 880 1243 subitam
898 1180 952 1242 sed
971 1197 1051 1261 quae
1065 1178 1159 1242 troba-

411 1279 461 1332 tur
494 1276 637 1350 quantum
669 1268 805 1350 plerique
834 1270 1005 1331 existiment
1036 1269 1159 1331 totidem

310 1362 347 1417 ib.
411 1358 517 1421 (liebus
540 1367 613 1438 quot
639 1360 666 1419 is
692 1358 778 1438 lepus
800 1360 882 1421 vixit
918 1364 1008 1437 etque
1032 1358 1087 1438 qui
1107 1356 1191 1421 betlt

411 1447 534 1510 insidias
555 1446 696 1509 inciderit
717 1449 781 1528 ipse
805 1465 860 1509 suo
879 1463 1006 1527 eorpore
1029 1445 1161 1509 ostendit

410 1537 600 1618 veneficium,
632 1535 722 1599 habet
752 1553 881 1616 namque
908 1533 1032 1597 odorem
1062 1536 1160 1616 pistis

295 1634 383 1698 ente.
410 1623 467 1685 hoo
503 1622 638 1705 periculo
673 1623 850 1687 liberabitur
886 1625 1002 1687 canoris
1039 1625 1161 1687 manis

296 1723 383 1788 tipo.
412 1714 505 1775 coetis
527 1720 557 1774 et
579 1714 611 1774 in
635 1713 701 1775 cibo
725 1714 860 1793 sumptis.
897 1720 998 1774 ostrea
1019 1713 1110 1775 iriota
1129 1714 1162 1776 iu

277 1813 383 1873 itate.
411 1801 478 1862 oibo
506 1809 632 1882 sumpta.
677 1801 771 1864 mave
798 1820 867 1863 eum
899 1819 952 1864 sua
979 1801 1082 1864 radico
1113 1819 1161 1864 oo
1174 1813 1197 1856 1⁵

278 1902 383 1967 nepot.
412 1892 514 1971 quitur
537 1898 568 1952 et
595 1909 686 1953 suous
709 1892 774 1952 eius
800 1891 886 1971 potui
907 1889 1004 1952 datur.
1040 1891 1162 1971 sanguis

411 1981 568 2041 anserinus
591 1998 686 2060 aequa
708 1997 778 2041 oum
798 1980 856 2041 olei
877 1981 1016 2059 portione
1038 1978 1163 2043 bibitur.

278 2079 383 2144 lumi.
411 2068 448 2129 ad
471 2070 606 2130 omnium
628 2070 811 2130 marinorum
838 2071 917 2130 ietus
940 2067 1100 2147 coagulum
1122 2068 1163 2129 le·

410 2159 493 2238 poris
525 2164 556 2217 et
584 2156 672 2218 haedi
703 2156 749 2219 rel
779 2158 847 2237 agni
878 2155 991 2219 bibitur
1023 2174 1061 2218 ex
1092 2159 1163 2219 rino

412 2243 525 2325 cyathis
547 2244 654 2307 tribus.
1176 2259 1201 2301 ²⁰

479 2393 617 2450 mv.
641 2392 769 2451 contre
789 2404 926 2450 murem
948 2406 1128 2452 erenenm.
1166 2462 1175 2477 ,

321 2498 337 2533 *
477 2492 542 2554 llus
565 2511 693 2555 aeneus
716 2495 840 2574 exiguus
859 2501 905 2555 est
928 2493 1162 2577 ultramodum,

410 2583 499 2662 longo
531 2581 667 2664 restolio,
697 2582 853 2644 oculorum
882 2584 946 2644 acie
977 2581 1100 2664 obtuse,
1133 2590 1163 2646 et

215 2737 460 2819 iunctorumrb.
516 2733 838 2820 3ωεξιιίιιειιιςῑιίενὸ.ο
877 2734 1163 2817 treetfingitodrb

143 2807 501 2962 {tesbsfrssitbsssffiffit
518 2878 553 2933 tle
566 2806 658 2932 tibine
657 2806 1131 2949 ἔέἓῗνῖωἳηῧίοξθέῗὶῐιῗὲηὴἀν
1136 2880 1162 2951 b)

142 2968 172 3005 1n
196 2950 259 3005 orbo
281 2949 425 3032 inperium
447 2949 538 3018 pdrb.
566 2949 600 3018 of.
622 2948 672 3032 pt.
740 2948 829 3004 seed
851 2964 902 3033 om.
924 2950 974 3020 po.
1000 2954 1005 3019 Ι
1033 2950 1164 3008 uehens

143 3022 195 3077 db:
219 3019 341 3076 aanor
364 3037 390 3090 9.
460 3026 495 3076 10
518 3019 594 3090 quod
620 3037 645 3074 ιε
662 3019 727 3089 plue
746 3020 826 3102 (quoi
843 3019 951 3090 duplus
969 3021 999 3092 d)
1021 3020 1096 3078 vixit
1112 3023 1163 3093 od,

142 3093 212 3162 quot
225 3091 250 3146 is
263 3091 336 3148 vixit
348 3092 384 3147 rb
404 3090 448 3160 (cf.
465 3091 529 3161 Pi).
577 3097 608 3146 11
623 3090 686 3162 ipse
698 3107 729 3160 με
747 3107 808 3161 apso
827 3092 876 3147 dt.
941 3097 974 3147 12
993 3091 1162 3149 Mnolioinm

141 3163 356 3236 polodorep.
408 3168 443 3218 14
460 3161 544 3218 fricto
556 3161 686 3232 ptirieta
699 3164 801 3231 steti:
820 3161 932 3218 frixed.
990 3169 1105 3219 lesum

142 3236 202 3305 (elo)
225 3236 317 3307 pdrb.
381 3239 416 3290 1e
439 3232 499 3289 siue
522 3248 571 3288 om.
592 3234 618 3289 d.
683 3238 717 3288 ll
741 3250 832 3304 eoquo
855 3251 878 3290 e.
901 3233 1079 3304 opertione
1156 3257 1164 3290 ε

142 3322 232 3377 oeque
254 3307 348 3378 (oque)
375 3303 522 3388 eumooloi
543 3303 658 3375 potione
677 3304 815 3376 (pocione)
833 3304 923 3375 part.
950 3307 955 3375 Ι
979 3305 1086 3362 bibitur
1107 3307 1163 3378 orl:

141 3378 314 3505 litia.
330 3377 591 3519 ttitttit‘tt
613 3378 673 3504 dil
692 3394 744 3517 ly.
778 3377 1170 3517 ·¹¹t.ti‘tttttitit;

125 3532 196 3572 mae
209 3519 343 3588 pondere
362 3519 409 3576 Pl.
1023 3560 1028 3569 ·
