2416 3802
470 167 712 230 -115-

196 324 222 377 V
249 322 332 380 PotIo
351 324 388 378 ad
406 324 533 380 dolorem
551 323 693 379 stomachi·
707 323 811 393 splenis
829 325 858 377 et
876 325 967 393 epatis

182 395 221 448 VI
248 394 293 449 Ad
311 394 533 449 calefaciendum
555 395 731 450 stomachum
755 396 784 449 et
807 395 844 449 ed
866 393 1013 465 angustias
1037 395 1095 450 eius

169 464 223 519 VH
249 466 295 520 Ad
314 464 528 520 confortandum
546 466 722 522 stomachum

98 554 120 590 ·.
157 537 224 592 VIII
250 538 296 591 Ad
314 537 501 608 digestionem
519 538 658 592 stomachi

181 608 221 662 IX
249 608 296 662 Ad'
312 607 456 663 fastidiam
473 608 612 663 stomachi
629 611 659 663 et
677 609 713 663 ad
733 609 934 664 carbunculum

195 679 221 732 X
248 679 344 804 {glria
358 680 556 805 ”mmmm
571 679 710 734 stomachi
724 680 770 735 vel
785 679 821 734 ad
837 680 1024 735 defectIonem
1038 679 1096 734 sive

304 767 380 806 roms

181 821 221 876 XI
249 822 294 876 Ad
312 821 467 892 singultum
486 823 515 876 et
531 821 670 876 vomItum

168 892 221 946 XII
249 892 294 946 Ad
311 893 439 948 ardorem
458 892 595 947 stomachi
614 895 643 948 et
661 892 738 948 sitim

156 963 223 1018 XIII
251 963 295 1018 Ad
314 963 405 1020 cordis
424 963 552 1019 dotorem·

143 1033 222 1088 XIIII
250 1035 296 1088 Ad
314 1035 405 1090 cordis
423 1034 536 1104 pulsum

168 1105 221 1161 XV
248 1107 294 1160 Ad
313 1105 538 1175 praecordiorum
558 1105 684 1161 dolorem

154 1177 220 1231 XVI
247 1177 293 1231 Ad
310 1175 429 1247 ligulam
448 1178 478 1232 ct
495 1176 633 1232 vomitum

145 1248 224 1302 XVII
251 1247 296 1302 Ad
315 1264 383 1318 epar

130 1319 221 1374 XVIII
248 1319 294 1372 Ad
312 1319 438 1389 splenem

154 1391 220 1444 XIX
248 1389 293 1444 Ad
311 1406 342 1445 os
360 1389 467 1456 ventris
486 1389 680 1461 stringendum

168 1462 221 1516 XX
248 1461 293 1515 Ad
310 1460 415 1516 ventris
433 1461 559 1516 dolorem
577 1464 606 1517 et
626 1460 683 1515 alia
701 1461 772 1516 vttia

50 1569 59 1577 ·
155 1533 220 1587 XXI
247 1531 293 1586 Ad
311 1532 509 1600 lumbricoset
526 1533 617 1587 tineas
636 1533 775 1587 necandas

143 1604 221 1660 XXII
248 1603 292 1658 Ad
310 1604 433 1659 tormina

132 1675 224 1730 XXIII
251 1674 296 1729 Ad
314 1677 441 1744 ventrem
458 1675 672 1744 temperandum

120 1745 223 1802 XXIIII
250 1746 296 1801 Ad
313 1749 471 1800 tenesmum

144 1817 223 1872 XXV
251 1817 296 1870 Ad
315 1817 436 1873 coleram

131 1887 222 1944 XXVI
250 1888 295 1942 Ad
314 1887 432 1943 oeliacos

77 1957 92 1976 ⁵
119 1959 223 2015 XXVII
249 1958 295 2014 Ad
312 1959 419 2013 fluxum
436 1956 542 2013 ventris
562 1956 755 2027 stringendum

108 2030 224 2085 XXVIII
250 2030 297 2084 Ad
314 2028 508 2085 dissenterIcos

132 2100 223 2156 XXIX
249 2100 295 2155 Ad
313 2100 508 2156 dissenteriam'
525 2101 555 2154 et
572 2099 748 2155 fienterioam

142 2173 222 2227 XXX
248 2171 295 2226 Ad
312 2172 379 2227 colli
400 2170 525 2227 dolorem

129 2244 221 2299 XXXI
248 2242 293 2297 Ad
310 2241 438 2299 intestini
455 2243 571 2296 vulnera
590 2242 780 2297 condilomate
797 2244 908 2297 usturas
926 2245 954 2298 et
973 2243 1094 2312 ragades

117 2315 222 2370 XXXII
248 2313 294 2368 Ad
311 2313 446 2370 intestina
462 2314 547 2383 rupta

105 2385 221 2440 XXXIII
249 2385 294 2440 Ad
311 2386 396 2456 yleon

90 2455 219 2512 XXXIIII
247 2457 293 2510 Ad
309 2455 407 2511 lateris
426 2456 552 2511 dolorem
570 2456 600 2510 id
618 2458 662 2510 est
680 2456 831 2525 plereusim

114 2527 218 2584 XXXV
246 2527 291 2582 Ad
310 2528 450 2583 costarum
467 2526 620 2582 fracturam

105 2599 223 2654 XXXVI
250 2597 295 2652 Ad
313 2597 424 2653 lumbos
442 2596 569 2654 dolentes
603 2638 606 2641 ι

92 2669 222 2726 XXXVII
248 2669 295 2725 Ad
312 2686 410 2725 renum
429 2668 553 2724 dolorem

79 2741 222 2798 XXXVIII
248 2740 294 2805 Ad
312 2740 421 2796 vesicae
439 2738 565 2795 dolorem

90 2812 223 2869 >XXXIX
249 2811 295 2866 Ad
315 2811 455 2866 calculum

171 2883 220 2938 XL
248 2883 294 2937 Ad
311 2881 544 2938 incontinentiam
562 2882 659 2937 urinae

156 2954 220 3010 XLI
247 2954 293 3007 Ad
310 2954 494 3009 verendorum
516 2953 588 3007 vitia
610 2954 634 3007 si
656 2951 815 3008 formicano
840 2955 878 3008 sit
894 2954 941 3008 vel
961 2969 1093 3010 verrucae

141 3025 221 3080 XLII
247 3025 293 3079 Ad
310 3026 397 3079 testes
415 3026 500 3094 atque
518 3025 635 3078 ramices

129 3096 221 3152 XLIII
246 3096 292 3150 Ad
310 3094 427 3168 inguina
513 3110 518 3123 ·

115 3167 222 3222 XLIIII
248 3167 294 3221 Ad
312 3165 503 3236 intertrigines

144 3238 222 3294 XLV
249 3238 294 3293 Ad
313 3255 409 3308 scyam

128 3309 219 3364 XLVI
247 3308 292 3363 Ad
312 3325 397 3363 coxae
416 3309 541 3363 dolorem

115 3380 233 3441 XLVIIx
247 3379 293 3434 Ad
311 3379 502 3450 geniculorum
520 3379 645 3434 dolorem

100 3452 220 3508 XLVIII
247 3451 293 3506 Ad
310 3449 444 3505 tibIerum
462 3450 586 3505 dolorem

127 3522 220 3578 XLIX
247 3521 291 3576 Ad
310 3521 430 3578 talorum
450 3521 595 3579 dolorem-
