2416 3802
470 97 690 162 „41-

72 259 187 320 denarii
218 259 402 339 singrdcrum
433 277 536 321 rerum
564 261 704 320 omnium.
745 259 819 320 haec

71 367 108 409 ex
121 350 191 408 rino
210 347 366 427 diligenter
379 355 521 409 teruntur
535 346 570 407 ed
592 347 820 409 crassitudinem

70 435 159 516 paulo
173 438 346 515 spissiorem
365 454 453 516 quam
466 435 572 496 mellis.
601 454 637 497 ex
651 435 708 497 hoc
727 435 818 497 medi·

70 532 208 611 cemento
233 525 320 586 initio
347 524 464 604 pondus
487 526 633 585 victoriati
660 527 692 584 in
720 522 819 585 tribus

43 612 184 694 ocyuthie
203 630 295 693 equae
311 613 450 674 euntibus
463 612 624 673 dormitum
638 610 735 693 detur,
750 629 819 672 mox

70 701 178 763 deinde
202 718 238 763 ex
261 700 366 763 eodem
395 700 482 762 modo
506 718 599 780 aquae
626 700 743 780 pondus
767 699 817 760 de-

69 791 156 850 narii.
205 791 300 869 prime
335 793 456 870 potione
493 790 647 868 profectus
679 789 818 868 sentitur,

70 877 179 940 deinde
206 877 374 940 incredibili
400 877 478 939 saltu
505 877 670 957 explicatur
694 878 818 937 curatio.

144 1158 273 1232 Liber
306 1159 560 1231 secundun

225 1324 251 1380 1„
273 1321 440 1380 Pthieicle.

15 1482 21 1489 -
138 1440 260 1503 Invenio
278 1443 337 1502 iam
351 1440 542 1521 desperatum
560 1441 722 1521 pthisicnm
736 1459 819 1502 sena-

31 1542 57 1582 10
71 1537 137 1590 tum
158 1529 216 1590 hoc
234 1528 331 1590 modo.
359 1529 489 1591 redicem
508 1528 650 1609 decoquis
669 1532 699 1591 in
718 1532 821 1609 punici
893 1535 908 1568 *

70 1617 142 1678 mali
165 1619 292 1679 cortice:
314 1619 440 1679 mixtum
461 1637 497 1678 ex
520 1635 613 1697 nqueo
633 1618 738 1698 cyatho
757 1637 819 1679 uno

71 1713 103 1766 et
134 1705 220 1767 lectis
250 1707 316 1785 pari
343 1723 483 1768 mensure
514 1706 636 1767 cottidie
668 1714 820 1785 sumptum

69 1794 194 1874 proluit.
234 1793 307 1855 utile
335 1801 381 1854 est
407 1793 543 1874 pthisicis
571 1802 601 1855 et
632 1794 728 1873 longis
759 1793 820 1854 len·
849 1804 935 1868 2438.

70 1881 216 1963 guoribes
230 1883 282 1961 qui
299 1888 441 1943 tenentur
459 1884 570 1960 morari
583 1884 615 1942 in
629 1881 754 1942 saltibus
768 1881 821 1942 nbi

30 1981 57 2021 1⁵
69 1971 122 2051 pix
136 1972 282 2050 uescitur,
302 1966 413 2049 <plus>
434 1987 522 2049 quem
540 1972 571 2030 in
590 1971 665 2030 mari
682 1971 820 2048 navigare

71 2065 104 2119 et
129 2059 243 2119 marine
270 2057 334 2118 locu
361 2059 489 2119 visitare.
531 2059 632 2120 cancri
663 2056 820 2118 fluviatiles
848 2067 953 2131 eune.

145 2231 159 2278 1
179 2225 304 2285 omnium
323 2226 479 2296 specierum
492 2244 574 2297 peres
592 2243 736 2283 mensurae
753 2228 813 2283 tere
828 2226 979 2296 diligenter
993 2226 1087 2282 Marc.

108 2302 178 2351 2ex
196 2296 261 2352 vino
280 2298 299 2351 d
317 2299 363 2366 (ex
381 2297 447 2352 rino
467 2299 561 2353 vetere
581 2298 699 2369 Marci:
727 2314 761 2353 ex
779 2312 835 2351 uuo
853 2314 879 2367 9.
961 2298 1085 2353 emedi-

70 2365 195 2422 cameuti
212 2368 232 2422 cl
250 2366 303 2435 (-to
320 2369 377 2437 pr).
431 2373 449 2422 4
466 2386 494 2437 p.
513 2385 553 2423 ιε
576 2367 606 2423 ie
624 2371 668 2424 eet
685 2367 833 2423 dimidium
852 2367 1002 2423 drachmae
1021 2369 1088 2424 add.

71 2437 165 2492 Marc.
200 2493 201 2496 ,
222 2443 236 2491 7
255 2437 369 2507 potione
387 2439 419 2507 d,
437 2439 576 2507 positione
596 2439 653 2508 (ced
670 2438 696 2493 ei
712 2455 746 2494 ec
764 2439 930 2507 correctore)
947 2453 972 2507 p.
1026 2440 1090 2494 δίη

68 2509 126 2575 fiere
143 2508 208 2576 (litt.
226 2507 292 2575 maj.
315 2511 344 2578 p)
367 2508 453 2563 Plinii
472 2508 594 2564 Secundi
615 2509 707 2564 Liber.
726 2511 747 2564 Ι.
771 2509 813 2563 De
835 2508 976 2564 medicine
994 2509 1087 2578 explic

68 2577 200 2634 feliciter.
241 2578 383 2648 Incipiunt
409 2585 471 2649 cup.
493 2579 569 2635 libri.
587 2579 621 2633 II.
643 2595 669 2649 9.
694 2581 699 2650 Ι
723 2578 849 2649 Explicit
874 2579 947 2634 liber
992 2578 1087 2633 rimus.

68 2646 215 2718 Incipiunt
233 2648 358 2719 cepituln
375 2648 442 2705 libri
459 2649 494 2704 H.
513 2652 539 2707 d.
612 2651 654 2705 tet.
677 2650 720 2706 De
743 2648 872 2720 pthieicie
890 2665 921 2718 p,
944 2597 993 2703 li
1006 2647 1090 2703 thici-

70 2735 119 2774 coe
137 2719 164 2774 cl.
237 2719 424 2790 tpthieicum
440 2736 471 2790 p,
493 2720 627 2776 thieicum
645 2722 664 2775 d
687 2722 761 2789 (item
782 2720 880 2789 infra).
954 2724 988 2775 10
1007 2718 1087 2774 deco·

69 2789 135 2860 quie
152 2805 184 2859 9²
203 2805 283 2872 -quee
302 2791 328 2846 d.
402 2796 433 2845 11
453 2790 586 2846 mixtum:
605 2791 693 2846 mixto
711 2792 761 2860 pd.
786 2793 790 2859 1
816 2807 920 2860 equae:
947 2806 1021 2861 eque
1037 2791 1089 2860 pd.

107 2865 142 2915 12
160 2860 278 2914 cottidie
297 2860 410 2930 (cotidie
428 2863 457 2932 d)
476 2862 580 2932 sumpti
598 2865 715 2932 preeunt
727 2862 769 2931 pd
788 2861 926 2930 (qnotidie
945 2863 1090 2930 cumptum

69 2930 211 3003 [sumptui
233 2931 261 3002 b]
285 2930 355 2986 dete
377 2931 483 3001 proluit
505 2936 540 3003 r).
605 2938 639 2987 15
657 2931 707 3002 pix
724 2933 744 2987 cl
762 2933 807 3001 (ec.
825 2931 945 3002 piceee):
964 2931 1046 3001 pinne
1063 2948 1087 2986 r.

68 3001 242 3143 lun
260 3002 487 3144 recreer
505 3004 540 3073 l
562 3001 1090 3143 Mn<

70 3143 165 3198 Mare.
176 3159 207 3212 p.
223 3148 288 3197 119:
308 3142 363 3209 Qui
380 3115 487 3213 phthisi
505 3143 672 3200 adliciuntur
689 3143 832 3198 maritime
849 3145 913 3200 loce
930 3143 1021 3198 vitare
1040 3143 1087 3197 de-

69 3213 141 3269 bent
157 3215 245 3283 etque
263 3212 325 3269 illic
341 3214 463 3271 maxime
481 3216 530 3270 ubi
552 3215 601 3285 pix
625 3214 771 3270 coniicitur
790 3213 964 3270 commereri.
992 3213 1026 3280 of.
1046 3215 1089 3267 ed.

69 3284 150 3340 Rom.
170 3283 304 3339 Truditur
320 3284 391 3340 utile
409 3301 470 3341 esee
487 3285 603 3356 ptyeicie
622 3286 651 3341 et
673 3285 766 3355 longis
784 3284 966 3356 languoribus
984 3283 1088 3337 mereri

69 3355 100 3410 in
129 3354 249 3429 saltibus
277 3355 326 3410 ubi
371 3354 434 3411 inne
453 3358 585 3412 nescitur.
617 3357 732 3426 Aquoec
750 3373 817 3411 vero
843 3357 872 3411 et
894 3354 1002 3410 marine
1024 3351 1090 3406 loce

70 3425 177 3483 debent
194 3426 316 3494 nitori!
359 3426 466 3482 urielee
485 3429 512 3482 d.
