2416 3802
368 177 694 258 .—145—-

56 342 198 419 ingestae
216 339 377 401 resolvunt.
408 342 518 420 optime
537 341 601 402 illas
620 341 809 402 stomachicis
830 341 894 404 dari
912 362 972 404 non
986 337 1078 397 Diosc-

56 428 140 489 lotas
158 427 346 489 Dioscorides
365 428 508 490 adfirmat.
544 432 632 491 tritae
652 447 719 491 cum
739 431 798 491 salc
818 414 1068 494 coonusta²v¹⁶4⁴

57 524 182 596 sanant,
210 519 237 577 si
260 525 327 578 ante
349 518 494 598 pustellas
522 518 694 580 inlinantur.
731 521 830 598 ignom
854 539 973 600 quoqne

57 623 182 666 sacrum
205 605 308 667 eadem
327 608 442 667 ratione
460 615 662 686 compescunt.
700 615 801 669 coctae
824 611 856 668 in
873 613 974 689 patina
997 610 1002 616 '

28 693 250 773 saliornmque
272 693 409 757 holerum
430 714 512 756 more
536 697 654 757 condita
677 696 796 757 cholera
815 696 972 759 laboranti·

58 781 119 843 bus
148 782 304 844 utilissime
333 785 508 845 oiieruntur.
560 785 680 864 quidam
707 804 757 846 eas
785 786 821 846 ad
849 787 973 847 eandem

61 889 185 934 causam
209 890 286 955 oum
299 872 374 933 lacte
401 881 554 936 coxerunt.

128 1019 207 1075 ΧΠ.
238 1019 427 1076 nanneno.
825 976 827 980 Α
982 1011 1077 1067 mosa.

130 1119 238 1180 Satiris
256 1119 359 1180 intihis
378 1122 504 1200 styptica
523 1129 556 1181 ut
575 1121 682 1181 modici
701 1123 784 1182 aiunt
803 1130 833 1182 et
851 1131 971 1184 austera
980 1088 1068 1207 2²1¹?

60 1215 169 1270 natura
201 1216 255 1269 cst.
299 1208 367 1270 ideo
396 1216 425 1269 et
453 1209 604 1270 stomacho
637 1208 859 1271 adcommodata
891 1219 970 1295 sunt,
984 1230 1063 1294 2039

18 1311 47 1350 1⁰
61 1306 93 1358 et
114 1303 250 1358 ventrem
273 1298 459 1377 restringunt
482 1306 566 1359 cocta
589 1299 714 1358 maxime
742 1305 863 1359 etcum
886 1307 970 1360 aceto
989 1300 1014 1349 et
1032 1302 1076 1351 32:

60 1386 138 1447 data.
175 1393 206 1446 et
231 1385 362 1447 thoracis
389 1385 511 1447 ardores
539 1394 569 1447 et
597 1385 751 1448 oculorum
779 1387 907 1467 epiioras
941 1397 971 1450 et

59 1473 207 1555 podagras
225 1493 294 1536 cnm
307 1474 426 1555 polenta
445 1477 555 1554 optime
574 1475 698 1537 leniunt.
718 1474 860 1537 cardiacis
879 1495 971 1557 super

59 1565 213 1624 sinistram
226 1562 363 1642 papillam
377 1583 414 1624 ex
428 1571 512 1624 aceto
530 1566 658 1645 inposita
677 1565 820 1644 prodesse
840 1567 969 1627 certissi-

58 1670 143 1714 mum
172 1661 225 1714 est.
263 1651 346 1713 radix
374 1654 444 1714 trita
476 1654 667 1732 scorpionum
699 1653 791 1733 plagis
824 1655 969 1735 medetur,

18 1744 145 1820 isignes
168 1758 270 1801 sacros
296 1740 426 1802 adhibita
444 1759 512 1802 cum
530 1741 650 1821 polenta
673 1741 763 1820 lugat.
791 1760 882 1803 sucus
901 1761 970 1803 eum

58 1838 145 1891 aceto
164 1848 198 1890 ac
217 1847 339 1891 rosaceo
357 1824 468 1891 mixtus
491 1831 596 1910 capitis
615 1829 733 1890 dolores
751 1829 874 1910 relevat,
898 1833 968 1891 ioci·

57 1919 142 1980 neris
175 1926 205 1979 et
235 1920 350 1979 vesicae
376 1920 447 1980 vitia
478 1936 547 1979 oum
574 1920 642 1978 vino
669 1918 795 1979 haustus
823 1919 968 1980 emendat.

124 2112 255 2172 Lactucae
270 2119 367 2170 natura
382 2111 481 2188 frigida
493 2121 551 2186 est,
574 2129 628 2170 nou
653 2120 741 2170 tamen
756 2115 830 2170 noxii
844 2115 966 2188 frigoris.
987 2120 1043 2187 (36)

57 2199 86 2255 in
102 2197 164 2256 crho
179 2207 286 2273 sumpta
301 2197 410 2255 fastidio
427 2197 571 2272 languidos
590 2197 665 2253 iuvat
684 2199 760 2272 prius
775 2215 855 2272 quam
871 2198 968 2256 haheat

10 2299 40 2340 so
57 2299 164 2340 sucum.
199 2282 354 2341 inbecillum
376 2291 464 2339 tamen
485 2299 584 2356 corpus
599 2281 665 2340 iacit
687 2289 827 2357 exparte.
857 2285 967 2357 sangui·

55 2383 122 2426 uem
143 2368 271 2442 adquirit.
307 2367 376 2425 lacte
397 2367 544 2441 plurimum
565 2368 652 2424 nutrit
673 2367 789 2425 leminis.
819 2369 882 2424 trita
906 2366 967 2423 oiim

55 2452 116 2509 sale
138 2451 288 2509 combustis
310 2452 444 2510 medetur.
476 2445 558 2528 [haec
580 2461 608 2508 et
630 2453 657 2506 in
680 2453 744 2507 viris
760 2453 864 2508 veneris
888 2468 966 2509 usum

56 2531 193 2612 coercet]
295 2601 297 2604 y
597 2535 600 2538 ’

131 2755 145 2802 1
165 2745 451 2817 optime—affirmati:
469 2747 510 2800 sic
526 2746 588 2815 pbr
608 2747 637 2814 (l.
657 2745 751 2818 didio
769 2745 899 2800 adfirmet
917 2761 947 2814 o,
966 2747 984 2801 l.
1000 2746 1072 2800 affir-

54 2820 139 2873 mant
156 2835 206 2874 oro.
226 2819 394 2873 dioscorides
412 2818 470 2887 rb),
494 2817 600 2887 optime
622 2817 686 2872 illas
709 2816 899 2872 dioschorides
917 2817 1072 2873 stomaticis

55 2904 116 2945 non
137 2888 211 2946 lotas
234 2889 294 2944 dari
317 2889 366 2943 diu
387 2889 512 2943 affirmat
529 2889 571 2959 il
597 2887 776 2944 stomachicis
799 2904 854 2957 qo,
883 2886 959 2942 dicis
978 2889 1036 2943 irb.

54 2967 72 3014 2
93 2960 173 3016 Trite
195 2977 259 3015 cum
281 2961 365 3015 busta
387 2962 488 3014 sanam
505 2961 523 3015 l.
578 2966 593 3014 3
616 2959 771 3014 inlinantur
792 2975 842 3028 po:
870 2958 1036 3014 inlinisninr
1054 2961 1072 3027 l,

53 3030 213 3086 illinienlsur
235 3033 280 3088 rh.
335 3037 352 3086 4
375 3047 483 3085 sacrum
505 3047 557 3099 po:
580 3046 675 3086 acrum
694 3032 716 3099 l,
739 3046 789 3084 mo.
808 3030 853 3083 rb.
916 3032 958 3103 tit.
980 3030 1072 3085 intibo

55 3104 108 3173 (sic
123 3105 236 3174 semper)
255 3104 320 3173 pol:
347 3101 447 3157 intubo
465 3103 510 3157 rh.
570 3099 870 3169 fleotimo—estocle
899 3100 1011 3155 Saiivus
1030 3101 1072 3156 in-

53 3173 142 3228 tubus
164 3174 295 3244 stipticus
310 3176 495 3231 ..tonsiones
516 3175 633 3228 naturae
656 3174 699 3227 est
716 3173 761 3228 rh.
825 3176 841 3225 9
860 3172 1072 3227 accommodata

54 3246 123 3300 sunl
139 3246 206 3315 pol:
229 3247 287 3300 ins
305 3247 350 3300 est
371 3247 406 3313 (ci
423 3245 549 3298 similiter
566 3260 668 3312 semper
689 3245 722 3297 io
739 3246 818 3312 seqq.)
837 3243 882 3296 rh.
942 3249 976 3296 10
994 3245 1027 3296 nt
1044 3260 1070 3299 v.

54 3315 228 3386 restringant
246 3317 262 3371 l.
310 3321 343 3370 12
362 3332 446 3385 super
462 3331 513 3385 po:
533 3331 617 3385 supro
634 3316 670 3368 rh
681 3316 720 3383 (l).
772 3321 805 3368 13
823 3312 929 3383 pullam
944 3313 954 3365 l
972 3313 1070 3378 (mam-

53 3403 132 3442 mam
152 3387 207 3456 Po,
225 3387 353 3442 mamilla
371 3388 454 3456 epit).
472 3391 475 3454 Ι
491 3385 637 3456 impositos
656 3402 680 3453 r,
700 3387 757 3440 -tus
776 3386 799 3439 b.
816 3387 821 3452 Ι
836 3383 967 3453 prodesse
981 3399 1031 3437 om.
1046 3400 1069 3438 r.

93 3463 126 3512 15
145 3474 240 3514 sacros
257 3460 301 3512 hic
319 3460 401 3514 etiam
419 3459 436 3513 l.
494 3463 526 3511 16
546 3474 578 3512 ao
597 3458 662 3528 pel:
682 3461 711 3511 at
727 3457 775 3512 rh.
829 3461 862 3508 ir
881 3455 1008 3509 ressioas
1023 3471 1052 3521 o„
1065 3455 1082 3525 lx

53 3530 188 3584 haustui.

96 3629 165 3669 Primi
176 3630 275 3676 iunioris
286 3633 409 3679 medicine.
908 3616 951 3667 m
