2416 3802
500 117 719 182 ...43-

101 292 179 356 aqua
199 275 391 357 perfunditur
412 295 579 356 rursusque
605 281 637 340 in
660 298 696 340 eo
723 281 789 342 loco
812 299 849 341 ex
939 266 943 273 ⁵

102 383 163 444 quo
186 372 293 435 erutus
311 373 357 427 est
379 367 463 426 vivus
482 367 640 429 suffoditur
663 376 694 429 et
716 387 751 430 ea
774 386 849 448 aqua

100 455 134 514 in
166 453 272 515 eodem
302 453 400 516 catillo
427 453 565 515 bibitum·
590 455 707 518 cocleae
740 457 848 519 crudae
876 470 963 530 atat.

28 576 34 581 -
100 543 191 603 tritae
214 561 252 604 ex
269 544 338 604 vino
357 545 472 604 amineo
492 560 561 604 cum
573 545 677 624 pipere
696 544 849 607 bibuntur.

73 629 213 691 tlaccrta
244 631 346 693 vindis
381 630 501 711 dempto
534 633 629 712 capite
661 641 692 694 et
721 633 848 712 pedibus
910 637 947 692 tc.

101 736 172 780 cum
197 721 373 802 interaneis,
404 718 522 780 condita
550 727 584 780 ut
610 720 762 784 fastidium
788 721 848 784 abi·

101 815 204 888 gatur,
234 809 266 869 in
294 806 360 868 cibo
391 807 486 880 datur.
526 807 645 870 rubiam
671 827 729 888 qua
755 810 849 890 pelles
876 823 963 886 taut.

101 895 302 957 coniiciuntur
324 897 446 959 cottidie
469 895 572 958 bibere
595 896 734 959 utilcest
756 907 787 960 et
808 899 848 959 la·
875 911 963 973 tuot.

101 985 172 1044 vam
206 986 337 1064 genistae
357 986 432 1045 rami
449 984 586 1064 plurimis
600 984 705 1047 diebus
718 989 751 1048 in
764 995 848 1048 aceto

59 1084 89 1124 1⁰
101 1079 303 1154 macerantur,
330 1072 437 1135 deinde
464 1072 631 1136 ttmduntur
658 1082 688 1135 et
716 1092 847 1154 coquun-

102 1169 167 1223 tur:
209 1180 245 1222 ex
274 1180 310 1222 eo
342 1180 415 1223 suco
451 1162 572 1224 cottidie
605 1160 728 1241 cyathus
763 1166 848 1243 potui

101 1250 198 1311 datur.
233 1251 321 1311 limus
339 1249 502 1314 bubulinus
520 1249 679 1311 calefactus
697 1252 729 1310 in
747 1253 847 1312 cinere
875 1262 979 1325 teuto.

100 1339 229 1399 ferventi
251 1338 325 1400 locis
344 1337 512 1401 dolentibus
530 1339 561 1399 in
581 1337 659 1398 loliis
678 1339 846 1399 cuiuscum-

101 1444 161 1505 que
182 1425 293 1488 boleris
315 1428 487 1506 imponitur.

165 1607 248 1669 m
269 1608 554 1666 Prceocrdtorum
575 1609 696 1702 dolori.

58 1738 86 1780 15
167 1725 203 1786 ln
238 1729 412 1788 universum
452 1725 625 1806 praecordia
662 1726 848 1806 appellantur
875 1737 962 1801 3242.
1079 1725 1081 1730 ’

100 1832 177 1894 quae
201 1813 291 1894 aliqui
313 1817 345 1876 in
362 1814 449 1895 plura
467 1814 607 1876 vocabula
627 1814 776 1896 dividunt,
797 1832 847 1874 vo·

99 1910 203 1964 cantes
230 1903 319 1964 modo
346 1902 545 1984 stomachum,
575 1902 727 1964 interdum
755 1905 848 1982 iecur,

98 1991 252 2052 interdum
270 1991 452 2070 praecordia.
478 1990 552 2052 baec
571 2008 640 2052 cum
657 1989 848 2051 induruerint
919 1993 935 2026 *

98 2086 220 2159 praeter
242 2082 449 2159 gravissimum
471 2079 605 2139 dolorem
632 2078 848 2140 velocissimam

56 2179 85 2220 2⁰
99 2175 228 2228 mortem
249 2170 399 2247 ingerunt.

167 2255 222 2316 His
235 2258 359 2334 caninus
369 2255 484 2317 catulus
498 2255 609 2316 lactans
624 2254 749 2316 subinde
759 2271 847 2335 appo·
875 2265 963 2327 tout.

99 2347 184 2407 uitur
214 2346 305 2423 inque
333 2362 402 2405 eum
429 2345 533 2405 vitium
564 2345 692 2422 transire
720 2349 849 2403 constat:

99 2432 276 2494 defunctum
299 2432 386 2494 obrui
404 2434 497 2493 moris
520 2439 576 2492 est,
611 2430 695 2492 bulbi
716 2431 781 2491 triti
804 2433 847 2490 in·
876 2441 981 2503 tutet.

172 2607 189 2656 3
208 2618 232 2657 c.
246 2600 314 2658 tuite
327 2601 412 2657 crude
430 2602 457 2658 d.
508 2607 574 2656 tex
586 2617 613 2656 v.
627 2600 767 2656 ammineo
780 2601 823 2669 od
841 2599 887 2668 (ex
899 2597 966 2653 vino
979 2613 1056 2652 mero
1070 2598 1117 2668 rb,

99 2687 201 2728 emeno
221 2673 299 2742 bmt).
325 2673 329 2741 Ι
353 2670 460 2727 bibitur
477 2672 505 2726 d.
578 2678 594 2726 6
613 2670 727 2726 condita
744 2673 777 2725 nt
798 2671 818 2724 f.
836 2686 861 2725 c.
885 2685 935 2724 om
956 2668 1002 2723 Pl.
1027 2670 1031 2736 l
1057 2667 1116 2722 cbi-

106 2743 192 2813 gatnr
209 2758 268 2813 coo:
286 2742 385 2812 abigat
401 2742 492 2811 udrb
564 2746 581 2794 8
603 2741 785 2811 perficiuntur
803 2741 848 2795 Pl.
873 2738 1043 2807 (inficiuntur
1062 2739 1118 2807 Μ).

101 2812 229 2889 {cotidie
246 2815 274 2869 d.
299 2815 304 2882 1
332 2812 429 2868 bibere
454 2811 525 2868 utile
548 2814 600 2867 est.
636 2811 722 2867 Lauri
745 2814 775 2866 et
796 2811 911 2936 {onesta
928 2811 970 2881 ud
992 2811 1065 2878 (item
1082 2814 1117 2878 r).

98 2885 152 2940 ubi
168 2883 255 2952 lauri,
274 2885 308 2940 dc
325 2899 378 2967 quo
396 2883 456 2938 sciet
471 2883 526 2951 Pl,
544 2887 642 2937 actm
658 2887 697 2938 eet
720 2898 754 2936 ecc
776 2921 793 2951 ‚,
826 2879 908 2937 vari“
928 2883 972 2949 (ut
987 2880 1117 2936 bibentes

97 2956 232 3012 laventur
249 2953 354 3010 cotidie
372 2954 418 3008 Pl.
438 2955 472 3022 cf.
493 2953 586 3009 Mare.
605 2969 636 3022 p.
658 2959 762 3008 174...
782 2951 886 3008 cotidie
903 2950 1000 3007 bibere
1017 2950 1118 3007 ischia

118 3024 172 3082 icis
190 3025 260 3082 utile
278 3027 321 3082 est
339 3027 368 3082 et
385 3024 415 3079 in
432 3025 534 3080 balneo
552 3023 673 3079 ferventi
695 3022 794 3079 levari.
820 3022 951 3078 Genistce
969 3021 1058 3078 rami.
1070 3064 1077 3079 .
1089 3023 1118 3089 .).

136 3102 153 3150 9
172 3096 256 3152 ramis
275 3100 425 3153 dedecore.
443 3113 470 3166 9.
540 3101 572 3171 lt
592 3111 627 3150 ex
645 3110 695 3149 suo
715 3109 799 3175 suco„
819 3095 848 3148 et
866 3092 971 3150 cotidie
989 3091 1070 3149 cittis
1087 3090 1118 3146 id

847 3194 858 3224 Ι

98 3237 184 3309 potui
211 3237 295 3294 datur
319 3239 346 3294 d.
420 3243 453 3291 12
471 3235 610 3292 bubulcus
633 3237 660 3291 d.
740 3241 772 3290 13
797 3252 883 3304 oumq3
909 3234 1014 3291 holeris
1036 3234 1064 3288 d.

97 3310 144 3364 tit.
162 3308 205 3363 De
223 3307 431 3379 precordiorum
449 3307 546 3363 dolore
564 3307 591 3362 d.
665 3311 698 3360 15
717 3306 848 3362 universo
865 3306 914 3376 qd.
984 3308 1018 3358 18
1036 3302 1117 3358 indu-

98 3378 210 3435 ruerint
226 3380 329 3449 9(b·”):
356 3377 586 3434 induraverintd
609 3378 649 3447 (se
672 3378 862 3448 gravaverunt
879 3375 936 3445 rb).
1013 3378 1046 3427 21
1076 3373 1118 3427 le-

99 3451 183 3505 ctcns
200 3466 231 3521 9:
258 3450 404 3506 lectensd
427 3449 504 3520 (Pi).
559 3454 595 3504 22
614 3449 729 3505 constat
746 3448 779 3519 tlt
798 3447 905 3519 edicet:
930 3443 1062 3500 exedum
1079 3442 1138 3490 Yt-
