2416 3802
532 99 751 164 ..66-

271 276 375 340 2o,104.
403 265 482 324 ticus
514 281 551 322 ex
587 261 651 322 oleo
685 260 826 322 subactus
862 260 987 321 mirifice
1021 260 1156 341 prodest

403 352 490 411 fimus
505 352 644 430 caprinus
659 349 801 411 decoctus
815 367 852 409 ex
866 356 951 410 aceto
966 357 997 410 et
1011 349 1157 411 surbactus

404 458 472 500 cum
495 439 590 499 melle.

457 640 603 696 xxrm.
617 638 846 695 pernionibus
860 641 894 694 et
906 624 1001 695 viius
1014 638 1169 708 penum

230 772 325 836 32111
340 762 376 816 ib.
471 758 575 818 Pulmo
590 758 722 817 marinus
737 759 907 835 imponitur.
931 759 1034 817 canori
1048 758 1157 817 marini

271 858 376 923 22153.
405 848 480 906 cinis
500 865 535 906 ex
554 846 619 905 oleo
638 846 809 924 imponitur.
833 844 948 905 utiliter
962 863 1040 924 aqua
1054 845 1179 906 loven-⁵

272 948 376 1012 23,123.
404 943 454 996 tur
468 937 499 994 in
514 952 572 1013 qua
586 951 691 994 ervum
705 933 862 994 decoctum
876 941 932 994 est.
960 935 1037 995 licus
1056 933 1157 994 aridae

405 1023 544 1084 decoctae
578 1040 646 1082 cum
678 1040 746 1082 cera
778 1021 889 1101 liquida
921 1021 1063 1084 subactae
1098 1040 1157 1083 am·

290 1125 376 1187 aona.
404 1112 514 1192 bustis,
541 1110 734 1190 pernionibus
761 1113 964 1190 imponuntur.
1001 1110 1157 1172 ulceribus

305 1205 342 1260 ib.
405 1219 508 1261 serum
526 1199 675 1279 pecudum
693 1218 762 1259 cum
781 1199 918 1260 alumine.
955 1201 981 1259 si
999 1218 1079 1280 pura
1098 1201 1158 1261 sint

305 1293 341 1348 ib.
404 1289 518 1370 ulcera,
542 1283 654 1368 (cera)
679 1296 828 1349 sanantur.
865 1289 926 1348 timi
945 1291 1058 1349 murini
1083 1289 1191 1349 ciniso

258 1389 261 1393 ’
290 1390 377 1453 acuo,
406 1397 442 1438 ex
465 1378 530 1437 oleo
553 1386 654 1437 vetere
678 1378 849 1456 imponitur.
886 1377 1057 1438 coclearum
1081 1395 1157 1456 quae
1190 1438 1198 1449 ‚

406 1466 502 1525 nudae
534 1466 727 1525 inveniuntur
760 1467 892 1525 vivarum
929 1465 1157 1527 combustarum

314 1559 343 1610 '.
407 1557 507 1614 cinere
531 1555 629 1613 omnia
651 1553 752 1613 ulcera
773 1553 884 1632 pedum
906 1562 1058 1615 sanantur.
1097 1555 1159 1614 limi

407 1641 636 1722 gallinaceorum
655 1650 705 1702 aut
724 1641 928 1704 columbarum
945 1645 1021 1703 cinis
1035 1661 1073 1703 ex
1092 1641 1158 1703 oleo

312 1734 344 1790 ’.
407 1730 677 1792 exulcerationibus
709 1730 853 1792 medetur.
900 1733 1020 1805 attritus
1053 1731 1157 1792 calcia·
1170 1740 1193 1782 ὓ

407 1828 575 1880 mentorum
604 1819 740 1878 emendat
762 1821 872 1879 veteris
899 1820 996 1880 soleae
1020 1821 1100 1881 cinis
1123 1838 1160 1880 ex

313 1912 318 1923 ’
337 1955 342 1966 .
407 1909 488 1969 oleo.·
509 1910 634 1986 agninus
647 1907 748 1986 pulmo
763 1907 809 1966 vel
826 1908 969 1968 arietinus
983 1909 1159 1988 imponitur.

313 2001 343 2053 '.
407 1997 505 2057 dentis
542 1994 678 2055 caballini
710 1997 827 2056 contusi
863 1996 957 2057 farina
989 1996 1161 2058 subluviem

314 2090 343 2144 '.
408 2085 552 2144 emendat.
589 2084 716 2144 lacertae
739 2084 841 2144 viridis
869 2086 990 2164 sanguis
1013 2084 1160 2146 subtritos

211 2313 227 2362 2
246 2306 266 2363 f.
286 2306 414 2376 caprinus
433 2306 491 2360 sire
509 2306 630 2361 bubulus
644 2324 666 2361 r.
684 2308 688 2374 Ι
708 2307 752 2361 liic
770 2309 876 2362 demum
890 2308 1044 2376 opponitur
1056 2308 1161 2362 titulae

817 2448 1121 2506 a

142 2520 203 2574 lieet
226 2520 315 2574 eodem
336 2489 426 2574 erebra
450 2464 602 2587 peqceooeril
625 2520 706 2574 etiarn
729 2467 815 2574 cocietbJ
838 2537 891 2590 quo
910 2537 977 2575 oeus
998 2467 1039 2575 bet
1061 2466 1161 2576 aaa&

142 2590 344 2660 compilationis
370 2607 386 2643 r
413 2591 454 2658 (Π,
464 2595 503 2643 ’49
532 2590 576 2643 Ad
603 2591 652 2644 tal.
681 2590 746 2658 dol,
773 2607 830 2646 uon
859 2591 950 2646 Mare.
975 2608 1006 2660 p.
1031 2594 1105 2661 232).

143 2669 159 2716 6
182 2679 279 2716 ervum
301 2661 457 2717 ffiseoobum
479 2665 568 2715 Mare.
591 2677 622 2729 p.
646 2667 698 2715 232
722 2661 804 2730 (Pl.):
834 2678 930 2717 eorum
953 2662 1102 2718 decoctum
1120 2678 1160 2732 aa

142 2753 177 2800 11,
200 2738 235 2787 40
264 2732 320 2800 (aad
337 2733 437 2786 ibidem
456 2732 511 2786 alio
534 2733 590 2786 loeo
609 2749 706 2787 ervum
723 2742 760 2800 11,
780 2736 839 2802 51),
867 2749 964 2789 eorum
982 2732 1093 2803 aliquid
1111 2733 1161 2788 de·

143 2804 254 2858 coctum
281 2803 307 2856 d.
338 2809 342 2869 1
371 2803 415 2857 bie
443 2808 506 2857 aute
532 2802 615 2858 Ficus
642 2801 718 2857 aride
750 2803 849 2858 titulus
878 2805 994 2872 ponitur
1020 2805 1053 2858 iu
1080 2805 1181 2860 codd.-

142 2894 218 2929 xxrn
232 2871 416 2928 Pernionibus
430 2879 477 2929 ete.
496 2874 568 2943 Mb),
587 2873 631 2927 Ad
650 2873 797 2943 perniones
815 2874 862 2929 vel
879 2874 954 2929 vicia
971 2875 1077 2944 pedum
1095 2876 1124 2930 d.

144 2950 158 2998 7
178 2943 296 2999 subacta
313 2960 339 3014 9.
365 2947 369 3012 Ι
395 2944 530 2999 ambustis
548 2945 600 3013 pb:
619 2960 669 2998 oot.
689 2945 716 3000 d.
770 2949 787 2999 8
806 2945 952 3000 Ulceribus
970 2946 1013 3015 qd
1026 2947 1077 3015 (r):
1096 2962 1161 3017 per-

142 3014 272 3070 nionibus
292 3015 338 3069 Pl.
379 3021 527 3071 isaevum
546 3031 571 3083 9.
597 3015 601 3086 1
626 3031 697 3084 pura
716 3016 775 3071 Pi:
795 3016 878 3086 plura
894 3016 995 3086 φάθ’).
1042 3022 1076 3071 10
1095 3033 1162 3071 oers

143 3102 193 3141 om.
211 3087 254 3155 qu
267 3087 328 3155 (ri),
347 3091 379 3141 ut
397 3088 479 3142 etiam
499 3086 592 3140 Plinii
610 3087 687 3141 codd.
706 3087 811 3156 aliquot
835 3089 869 3156 (o.
889 3087 992 3156 serap).
1067 3093 1101 3141 13
1121 3087 1160 3143 oi-

142 3164 207 3213 nere
225 3174 250 3227 p.
274 3159 278 3226 Ι
302 3157 397 3212 ulcere
416 3158 461 3212 Pl.
485 3157 589 3225 (More.
609 3173 639 3226 p.
660 3158 735 3225 232):
763 3157 880 3213 uulnere
901 3159 944 3227 pd
957 3159 1001 3227 (r).
1027 3158 1031 3226 l
1062 3157 1160 3213 omnia

142 3229 247 3300 pedum
264 3228 383 3284 vulnera
400 3230 426 3283 d.
484 3235 517 3282 14
535 3227 704 3298 gallinarum
724 3229 769 3282 Pl.
784 3229 908 3297 (Marc).
934 3230 939 3297 l
964 3228 1161 3284 columborum

142 3302 201 3370 (eie)
219 3318 246 3372 9.
319 3304 351 3353 15
371 3299 497 3353 Adtritos
519 3316 544 3369 p.
618 3305 651 3353 16
671 3299 784 3355 soleed
807 3299 911 3369 (Maro.
931 3315 962 3369 p.
982 3305 1048 3368 236,
1077 3299 1159 3356 Prie.

142 3373 200 3428 edd.
218 3372 316 3442 vulpis
335 3370 390 3425 soli
407 3371 466 3440 (sio)
484 3386 502 3440 9
521 3371 610 3440 (Ptin.
625 3371 700 3425 codol.
719 3374 778 3437 oet,
798 3387 822 3427 e.
837 3371 920 3440 Deli,
934 3371 1025 3439 aedos.
1036 3373 1157 3440 28322).

179 3449 211 3497 18
230 3442 335 3497 Dentes
352 3441 401 3510 pri.
427 3443 431 3508 )
456 3440 585 3496 subluine
603 3442 623 3496 d
640 3439 801 3509 (subliviem
818 3445 853 3511 r).
