2416 3802
465 160 684 224 -47-

68 339 160 383 sucus
191 323 277 401 potui
312 320 407 383 datur.
455 323 671 383 ammoniacum
701 324 816 402 potioni
844 334 931 398 3433.

68 410 195 472 additur.
228 409 301 470 ulmi
319 418 422 471 cortex
439 414 539 472 tusus':
562 409 676 471 denarii
698 410 815 491 pondus
843 423 932 486 24,48.

67 500 99 558 in
112 497 232 560 hemina
245 515 338 577 aquae
356 497 480 578 trigidae
499 499 588 558 etiarn
601 507 716 578 purgat.
740 517 816 578 aqua
843 511 931 573 3333.

67 586 181 649 bibitur
198 589 230 647 in
249 603 307 666 (ura
325 585 478 665 gallinacei
497 585 679 648 decoxerint.
711 586 813 648 btrun-
877 592 915 648 eb.

39 674 188 737 ⁵dininus
205 675 294 736 timus
313 673 427 736 adiecto
446 673 533 735 melle
557 677 738 755 suppositus.
771 693 815 736 sa·
888 682 904 716 *

67 763 134 824 licis
147 780 239 825 sucus
257 780 294 823 en
307 765 376 825 vino
394 762 490 824 mulso
509 771 638 842 potatus.
671 763 813 824 thalasso·
843 776 930 840 31,e8.

67 851 138 911 meli
171 850 385 929 inmundissime
422 858 531 930 purgat
569 853 636 912 sine
671 851 816 912 stomachi

66 941 237 1021 vexatione,
259 947 289 1000 et
311 938 402 1000 odore
423 946 510 1018 grato
533 946 564 1000 et
586 956 702 1019 sapore.
736 935 815 1019 quod
878 942 914 997 u.

66 1029 111 1088 sic
143 1028 209 1088 fleri
239 1026 341 1088 debet:
373 1044 465 1106 aquae
497 1029 628 1088 marinae
660 1035 691 1088 et
722 1046 815 1107 aquae

22 1129 51 1169 10
66 1114 204 1176 caelestis
231 1114 335 1193 eadem
361 1132 501 1176 mensura
530 1122 560 1175 et
591 1113 649 1175 mel
682 1114 816 1176 eiusdem

65 1204 213 1284 portionis
235 1204 467 1284 permiscentur,
490 1210 519 1262 et
543 1211 678 1263 servatur
696 1205 727 1262 in
746 1221 814 1263 vaso

66 1290 151 1353 fictili
173 1293 280 1370 picato.

132 1489 191 1546 VI.
213 1487 334 1545 Ventri
356 1472 517 1545 sistendo.

134 1605 241 1669 Cancri
258 1606 415 1668 fluviatiles
434 1609 497 1668 triti
515 1625 552 1669 ex
570 1626 646 1687 aqua
661 1607 813 1671 bibuntur.
840 1621 947 1684 33101.

65 1697 152 1758 sativi
170 1697 273 1757 siseris
292 1713 382 1756 sucus
400 1698 433 1757 in
451 1698 572 1775 caprino
591 1696 666 1759 lacte
684 1705 813 1777 potatur.
842 1707 929 1772 3333.

25 1795 51 1836 13
64 1787 196 1846 ocimum
214 1785 318 1845 tritum
337 1785 434 1844 ventri
451 1783 595 1845 inlinitur.
622 1788 764 1864 panicum
780 1788 813 1847 in
842 1797 945 1860 20,122.
975 1797 1081 1861 22,131.

64 1871 141 1934 lacte
165 1873 286 1951 caprino
304 1870 461 1933 decoctum
482 1891 566 1933 more
590 1873 762 1934 sorbitionis
781 1875 812 1932 in

64 1959 113 2021 die
137 1962 274 2021 sumitur.
306 1966 391 2021 vetus
409 1962 495 2040 panis
516 1963 654 2022 nauticus
672 1968 760 2021 tusus
783 1968 813 2021 ct
841 1972 945 2034 33138.

62 2049 174 2109 iterum
193 2046 296 2108 coctus
315 2066 352 2108 cx
371 2065 446 2127 aqua
460 2047 581 2109 bibitur.
605 2051 636 2109 in
655 2067 730 2127 aqua
747 2065 811 2109 cor·
840 2059 945 2123 22‚141.

23 2135 27 2141 ’
62 2137 139 2196 tices
156 2133 239 2196 fabae
258 2135 294 2196 ad
307 2137 411 2196 tertias
429 2137 569 2197 decoctae
583 2143 719 2216 prosunt.
747 2135 812 2196 lens
840 2147 945 2210 33143.

22 2236 50 2280 re
63 2241 101 2283 ex
124 2241 201 2302 aqua
223 2222 343 2284 caelesti
366 2223 487 2284 decocta
510 2223 658 2285 sorbetur.
695 2231 813 2284 acetum
840 2234 927 2298 3333.

62 2328 181 2371 merum
211 2312 347 2371 sumitur.
392 2311 467 2372 mala
497 2310 644 2373 silvestria
673 2311 811 2372 eduntur.
840 2323 945 2387 23,104.

62 2416 140 2477 aqua
157 2401 189 2459 in
208 2415 266 2477 qua
284 2400 349 2478 pira
368 2401 495 2478 agrestia
514 2406 597 2460 cocta
612 2402 672 2461 sint
689 2397 811 2461 bibitur.
840 2411 945 2473 33113.

62 2486 245 2556 silvestrium
270 2504 437 2566 prunorum
465 2485 554 2547 bacae
578 2487 624 2548 vel
651 2505 688 2548 ex
710 2486 811 2547 radice
840 2498 945 2561 33133.

61 2576 192 2636 cortices
210 2575 242 2635 iu
255 2575 323 2634 vino
342 2582 462 2635 aristero
477 2575 686 2654 decoquuntur
704 2581 739 2635 ut
753 2582 811 2636 ter-

98 2778 880 2851 213333313139(3313333333333333).1ροῃι13333339311.
899 2778 1080 2850 4qu0(ee'c)d.

62 2847 204 2933 lgnllime
222 2848 307 2918 pedes
326 2847 436 2904 decocti
453 2848 558 2904 fuerint
575 2866 598 2905 r.
625 2852 629 2918 Ι
653 2848 820 2932 birundinus
842 2850 890 2904 db.
937 2854 954 2904 ὅ
977 2865 1080 2931 suppo-

59 2921 137 2974 mtur
154 2935 178 2974 r.
251 2921 401 2989 epotatus
419 2919 497 2975 velet
518 2936 542 2974 r.
568 2923 572 2988 Ι
601 2919 718 2975 Talasso
740 2921 821 2975 meib
843 2920 870 2975 d.
943 2925 1079 2975 713333-

59 2988 175 3045 dissime
191 2989 233 3059 ud
251 2990 317 3058 (bio,
336 2991 383 3045 scd
399 2989 599 3045 iucundissime
616 3006 634 3059 9
653 2993 715 3060 1‚3).
780 2997 796 3047 3
810 2994 877 3059 pou
895 2989 1078 3047 (1313333331-

59 3065 108 3116 ter
124 3061 159 3116 io
175 3064 253 3116 tectu
269 3062 322 3132 yde
349 3061 496 3116 Confectio
520 3060 645 3116 thalasso
663 3059 746 3115 melis
774 3060 912 3129 (thalasse.
929 3060 1022 3115 mellis
1039 3061 1079 3131 d).

60 3147 138 3285 3
151 3131 1077 3286 battuerentur-”usterruerat
1174 3191 1178 3195 -

59 3273 194 3412 uve
213 3272 1079 3411 3333333333333

59 3430 109 3469 om.
128 3415 156 3471 d.
187 3359 264 3471 Into
286 3413 427 3471 sorbetur:
454 3413 489 3480 cf.
508 3429 596 3484 utura
614 3418 671 3469 35.
727 3420 761 3470 22
789 3415 864 3486 pirae
891 3426 984 3484 pruna
1009 3409 1085 3491 qrb„

58 3484 263 3554 bremetum
313 3489 349 3540 33
362 3483 502 3540 silvestria
515 3486 541 3542 d.
564 3486 568 3556 Ι
588 3501 748 3558 prunorum
766 3487 818 3560 93.
866 3489 909 3541 tl
919 3481 1036 3538 mustum
1046 3478 1120 3545 ab<
