2416 3802
465 167 539 182 ,--
589 131 716 236 14,-

236 305 340 368 34,121.
369 293 572 371 imponuntur.
608 295 683 372 misy
702 295 895 365 triturncum
910 295 976 352 rino
994 295 1026 352 in
1049 293 1119 354 lana

236 394 340 455 20,224.
370 384 590 460 superponitur.
641 382 734 441 malva
774 391 921 442 macerata
961 384 992 441 in
1029 385 1118 442 urina

8 542 12 549 .
369 469 497 530 humana
520 479 550 531 et
572 472 643 531 trita
665 473 803 548 imposita
827 470 907 530 valde
932 470 1071 531 desiccat.

100 558 235 629 *(Mare.
247 564 341 631 peu.)
437 557 542 618 Omnia
569 565 667 618 autem
692 561 796 637 capitis
825 559 924 618 ulcera
949 577 1017 618 cum
1044 578 1115 638 pur·

369 654 435 724 gata
459 654 528 707 sunt
550 647 762 707 iucundissime
792 648 827 708 ad
856 649 1025 706 cicatricem
1047 662 1142 726 per-5

369 735 519 795 ducuntur
533 735 589 794 hoe
604 744 714 796 ceroto.
744 754 864 814 spumae
880 738 994 813 argenti
1009 744 1114 798 tunsae

368 832 398 884 et
422 823 566 884 cribratae
586 823 706 904 selibra,
735 842 873 885 cerussae
896 823 971 883 libra
994 843 1052 883 una
1072 834 1116 884 te-

368 921 489 991 runtur,
517 919 547 972 et
572 930 659 972 cerae
683 912 765 972 albae
789 931 805 972 e
828 911 902 972 libra
926 912 983 972 olei
1006 914 1117 972 rosacii

367 1004 561 1061 remittuntur
576 1008 606 1061 et
623 1001 851 1081 refrigerantur,
873 1001 978 1060 deinde
998 1000 1114 1060 raditur

367 1098 398 1150 et
424 1093 567 1150 miscetur
595 1109 663 1150 curn
690 1107 794 1168 spuma
822 1097 852 1149 et
884 1107 1018 1168 cerussa,
1051 1088 1112 1148 adi·
1126 1104 1150 1142 ro

367 1181 487 1238 ciuntur
498 1197 621 1239 ovorum
632 1186 772 1256 quattuor
782 1178 860 1238 lutea
871 1177 970 1236 cruda.
988 1177 1114 1255 prodest

367 1273 396 1327 et
420 1269 535 1327 resinae
563 1270 694 1346 pituinae
723 1266 797 1326 libra
820 1268 909 1325 mixta
933 1283 1001 1324 curn
1025 1283 1112 1324 cerae

367 1355 448 1415 albae
472 1354 581 1415 selibra
604 1358 687 1415 etin
710 1355 775 1414 oleo
799 1355 933 1434 decocta,
961 1356 1001 1412 ita
1024 1360 1058 1412 nt
1082 1355 1113 1412 in

367 1446 451 1521 accpi
474 1442 561 1502 modo
581 1451 785 1521 perunguatur
804 1442 913 1521 pistillo
933 1444 1066 1507 rnixtr‘nn.

429 1643 493 1703 iv.
518 1643 697 1712 Alopeeiis.

126 1762 229 1830 (liare.
239 1778 271 1831 p.
286 1763 340 1830 46.)
434 1760 587 1839 Alopeciae
615 1778 750 1839 magnam
781 1760 952 1820 foeditatem
984 1762 1114 1821 allerunt
1128 1774 1152 1814 15

367 1855 397 1909 et
410 1857 534 1928 propter
548 1849 604 1908 boe
619 1867 773 1909 serrorum
786 1851 881 1927 pretia
896 1849 1113 1909 diminuuntur.

366 1939 464 2016 itaque
489 1940 690 1998 necessarium
714 1945 759 1997 est
787 1955 836 1996 eas
865 1955 982 2015 quoque
1012 1956 1112 1997 ernen-

232 2037 336 2098 ronoo.
365 2026 443 2085 dare.
490 2044 565 2104 quae
593 2026 761 2103 celerrime·
776 2025 963 2103 complentur
989 2025 1113 2104 pellium

171 2199 185 2247 1
205 2194 306 2248 misum
324 2196 361 2263 d,
380 2212 490 2263 myrum
508 2196 547 2264 pb
566 2197 625 2259 (om.
645 2198 678 2264 r).
747 2202 763 2249 2
782 2196 924 2249 macerata
941 2196 1018 2249 diam:
1038 2211 1113 2248 erra·

98 2265 155 2318 tica
172 2265 209 2318 rb
229 2265 288 2334 (M)
369 2265 530 2320 3desiceat
547 2266 597 2334 pb:
623 2265 709 2320 siccat
727 2267 752 2320 d.
825 2263 969 2320 40mnia.
987 2266 1015 2320 ln
1035 2265 1112 2334 capi·

97 2335 134 2389 tis
158 2335 184 2388 d.
221 2336 271 2389 abi
298 2336 406 2390 malet<
428 2342 467 2390 est
486 2351 541 2404 pro
568 2337 781 2405 auplosoxorrico
802 2338 876 2390 cocis
898 2337 993 2390 autem
1012 2366 1045 2374 —
1071 2337 1113 2389 eie

99 2405 190 2461 More.
210 2421 270 2460 crue
282 2422 301 2475 p
315 2437 348 2446 -
371 2408 541 2475 compendio,
559 2408 632 2476 quod
649 2423 706 2461 aori
719 2408 853 2460 teuderii
869 2407 987 2474 scriptor
1001 2407 1111 2472 codicis,

97 2477 187 2530 orauit
203 2476 324 2531 Turinus
342 2478 379 2546 (b)
398 2494 459 2532 eum
476 2495 498 2533 r.
532 2479 566 2544 ef.
582 2479 673 2545 praef.
693 2479 730 2531 ad
749 2477 906 2531 Vitruvium
923 2493 1010 2532 meum
1030 2493 1061 2544 p.
1083 2489 1114 2528 rr

97 2552 151 2602 cot.
198 2552 214 2600 5
230 2546 391 2602 cicatricem
403 2549 457 2617 pri:
481 2549 653 2618 -cesrb(M)
674 2547 678 2620 Ι
698 2547 887 2617 perducuntur
895 2548 949 2602 hoe
959 2550 1052 2602 ceroto
1062 2549 1110 2616 pbr

96 2618 182 2672 ducit.
214 2617 275 2672 Hoc
294 2620 389 2673 ceroto
407 2620 426 2673 d
443 2619 582 2688 (perducit
599 2619 653 2673 hoc
672 2620 796 2674 cerotum
815 2636 842 2688 r,
861 2617 1052 2687 perducuntur
1069 2619 1110 2672 sic

97 2688 201 2758 Mare.)
275 2695 290 2743 t
310 2689 413 2743 selibra
431 2690 480 2742 M:
504 2689 587 2744 libra'
600 2690 670 2758 (sirie
687 2707 761 2743 uam.
780 2690 834 2758 pri,
853 2688 926 2743 libra
943 2705 999 2743 una
1016 2689 1072 2756 rb).

96 2765 112 2813 8
131 2775 192 2814 cere
207 2760 259 2831 (re
273 2760 300 2829 p)
319 2759 383 2814 albe
401 2760 475 2814 libra
487 2762 529 2828 pri
543 2761 652 2828 (addidi
661 2761 695 2827 e).
718 2761 783 2815 boae
796 2761 836 2814 sie
848 2760 928 2814 tabet
941 2777 957 2815 r
971 2761 1054 2828 (uude
1067 2761 1109 2828 b):

96 2832 124 2884 et
143 2846 166 2884 c.
180 2846 206 2884 a.
226 2831 391 2884 tantundem
405 2847 439 2885 ex
453 2831 509 2886 olei
526 2831 614 2886 rasati
632 2831 705 2886 libra
723 2848 778 2885 una
795 2829 916 2885 remittis
935 2832 964 2885 et
987 2830 1109 2885 dimittis

94 2899 259 2970 refrigerare
274 2901 321 2969 (at.
333 2901 389 2969 M).
412 2901 485 2956 rosei
498 2903 525 2956 d.
564 2908 668 2956 11-14
681 2900 960 2971 prodest-mixtum
972 2902 1014 2970 pil
1027 2906 1052 2954 et
1066 2902 1110 2954 br

95 2972 162 3038 (rami
180 2972 252 3040 qood
268 2972 314 3025 irie
331 2988 395 3026 eum
414 2989 494 3026 cerae
513 2973 577 3027 albo
596 2972 682 3040 libra,
710 2973 807 3028 deiude
830 2972 911 3040 ocopi
935 2973 999 3040 iepit
1019 2971 1108 3036 rori:

94 3043 165 3095 Item
187 3042 295 3096 resinae
317 3042 458 3111 pietumae
483 3042 572 3097 librae
595 3060 650 3098 sex.
683 3059 763 3115 aerae
786 3043 867 3097 albae
885 3042 984 3096 unciae
1007 3059 1055 3095 sex
1078 3042 1107 3095 in

95 3112 157 3168 oleo
183 3112 376 3182 decoquuntur
401 3113 444 3168 ita
470 3115 503 3167 ut
529 3113 635 3182 pistillo
664 3113 835 3168 misceantur
862 3116 891 3167 et
915 3113 998 3181 ocopi
1024 3113 1108 3167 modo

94 3185 256 3253 pungantur
278 3199 294 3236 r
312 3186 395 3252 (unde
414 3185 448 3252 b).
486 3190 519 3237 12
539 3201 600 3238 aare
620 3184 683 3238 albe
701 3184 804 3238 selibra
818 3201 849 3252 p,
868 3200 890 3238 e.
907 3200 931 3237 a.
952 3184 976 3237 si
993 3183 1067 3237 libra
1080 3185 1106 3237 d.

143 3256 184 3309 tit.
213 3254 255 3309 De
280 3254 409 3324 alopieiis
433 3272 463 3324 q,
491 3255 533 3308 De
561 3254 699 3324 allopieiis
725 3255 853 3309 curandis
879 3255 906 3309 d.
990 3259 1022 3308 15
1041 3252 1108 3308 Alo-

92 3325 166 3395 pieie
183 3342 213 3394 9,
231 3325 368 3395 Allopieie
386 3326 413 3379 d.
470 3331 502 3381 16
520 3325 574 3381 hoe
592 3327 644 3395 qd:
663 3325 736 3379 hanc
753 3327 797 3382 rt.
845 3331 876 3379 17
894 3325 992 3393 itaque
1010 3325 1108 3380 orurt

93 3396 346 3465 (necessariumque
374 3399 413 3464 r).
536 3402 570 3453 18
602 3396 778 3466 complentur
808 3397 854 3465 ud
898 3395 1003 3463 (explet
1036 3396 1108 3463 Pl.):

83 3466 274 3521 emendantur
290 3467 327 3522 rb
350 3467 456 3538 (Mare.
471 3483 502 3537 p.
522 3467 575 3537 46).
