2416 3802
529 105 772 168 -172-

249 277 279 330 et
293 269 502 341 suffocationes
521 285 558 328 ex
571 270 696 327 matrice
714 250 872 347 praeclusa
884 265 1052 326 efficaciter
1067 265 1159 326 solvit.

248 375 317 418 cum
345 357 431 418 melle
459 359 565 417 tritum
585 358 758 419 ,canceratis
786 353 961 415 vulneribus
995 355 1156 434 inponitur.

175 476 219 528 Pl.
314 487 492 543 mnu.
524 488 573 542 Do
595 500 696 555 nepo.

151 552 238 615 ‘²⁰³¹'
315 586 381 646 Non
400 604 488 647 unam
508 587 691 665 eandemque
706 589 847 648 virtutem
868 588 899 647 in
918 567 1064 646 omnibus
1077 587 1154 665 napis
1197 572 1200 603 ¹

248 682 370 754 experta
401 675 547 736 medicina
580 683 634 736 est.
679 675 736 735 hoc
773 678 853 736 enim
888 673 969 754 quod
1007 673 1152 754 angulosis

248 763 388 824 loliorum
424 762 558 824 caulibus
590 764 625 824 ad
663 764 764 825 anethi
799 758 1035 824 similitudinem
1063 762 1170 841 ilorci,⁵

248 854 362 912 vesicae
376 850 522 912 laboranti
539 854 671 931 itemque
691 851 876 915 cessantibus
890 853 1057 913 menstruis
1076 851 1148 911 lemi-

248 958 354 1015 narum
386 940 543 1001 decoctum
575 960 611 1001 ex
643 959 718 1020 aqua
750 940 845 1002 mulsa
875 940 949 1001 utile
977 941 1147 1001 existimant

247 1047 302 1107 per
329 1047 405 1107 quae
433 1047 493 1089 non
525 1029 615 1090 dubie
648 1030 817 1091 ostenditur
849 1029 974 1090 calidam
1001 1027 1146 1108 possidere

248 1118 396 1178 virtutem.
438 1136 540 1178 semen
564 1136 682 1197 quoque
706 1121 771 1179 eius
802 1125 914 1179 tostum
938 1125 1028 1196 atque
1052 1118 1145 1178 tritum

247 1204 410 1266 bibendum
432 1225 469 1266 ex
492 1225 584 1286 aquae
609 1206 718 1283 calidae
743 1207 856 1287 cyathis
883 1213 1028 1286 quattuor
1050 1204 1172 1285 ‹tyreu-1⁰

248 1296 349 1355 tericis
373 1294 560 1375 obtulerunt,
584 1295 636 1355 sed
655 1298 773 1356 urinam
795 1296 914 1356 videtur
936 1293 1075 1355 inhibere
1098 1294 1145 1353 uisi

247 1382 289 1442 illi
316 1402 372 1462 pro
400 1383 487 1443 modo
515 1383 568 1442 lini
596 1402 698 1444 semen
730 1384 863 1444 addatur.
905 1383 1034 1444 alterum
1061 1398 1144 1461 genus

246 1471 396 1550 estquod
419 1470 514 1531 simile
537 1471 638 1532 raiano
658 1490 691 1532 ac
711 1491 783 1552 rapo
807 1473 937 1552 videtur,
960 1469 1143 1532 laudatissimi

247 1561 368 1619 seminis
387 1567 418 1620 et
436 1566 539 1619 contra
558 1577 670 1621 venena
691 1561 854 1621 fortissimi.
881 1558 919 1620 ob
939 1559 1016 1620 hano
1035 1575 1142 1635 causam

246 1648 357 1726 optima
380 1665 515 1726 quaeque
539 1647 669 1708 theriaca
693 1652 757 1711 sine
781 1668 816 1710 eo
840 1648 919 1710 nulla
943 1648 1109 1709 coniicitur.
1150 1648 1168 1691 ¹⁵

163 1832 219 1897 (39)
310 1824 465 1882 Pastinaeae
488 1829 530 1883 vis
552 1824 638 1882 calida
660 1836 687 1882 et
709 1833 832 1899 austera,
854 1827 882 1882 in
903 1827 994 1884 radice
1016 1835 1045 1884 et
1067 1808 1143 1884 inse·

247 1909 317 1966 mine
340 1912 487 1968 constituta
503 1920 553 1967 est.
583 1910 659 1966 radix
681 1911 739 1967 eius
761 1913 788 1967 iu
811 1911 899 1968 mulsa
920 1919 999 1969 cocta
1022 1913 1101 1968 datur
1115 1909 1145 1967 od

244 1995 370 2051 iocineris
386 2002 414 2051 el
436 1993 530 2066 lienis,
554 2011 650 2050 renum
665 2003 693 2051 et
714 1994 869 2051 lumborum
884 1995 1005 2066 dolores.
1043 1997 1073 2052 in
1094 1994 1144 2053 cibo

159 2081 161 2085 '
245 2080 353 2151 saepius
381 2087 490 2152 sumpta
513 2095 638 2134 venerem
665 2079 796 2136 stimulat.
833 2096 926 2136 semen
954 2081 1013 2136 eius
1036 2096 1070 2137 ex
1092 2083 1146 2136 rino

246 2164 337 2218 tritum
350 2171 487 2218 menstrua
503 2170 643 2236 provocat,
660 2172 688 2219 et
702 2165 842 2220 matricum
859 2163 1053 2221 suffocationes
1069 2169 1147 2221 sanat.
1157 2165 1178 2208 ³⁰

165 2310 220 2375 (40)
309 2299 376 2372 Napi
399 2299 552 2355 calidissimi
574 2307 681 2356 suntet
702 2299 865 2357 conturbant
887 2317 998 2375 corpus.
1031 2316 1088 2357 non
1110 2300 1151 2356 de·

244 2384 397 2455 ducuntur,
419 2384 468 2439 sed
488 2384 657 2458 ninguntur.
683 2385 768 2440 tritis
790 2402 853 2442 cum
873 2385 953 2441 melle
975 2383 1152 2459 dysentericis

244 2467 405 2543 cataplasma
421 2467 575 2525 umbilicum
593 2477 620 2524 et
635 2484 725 2525 renes.
759 2485 851 2525 semen
867 2471 924 2525 eius
941 2477 1036 2527 eontra
1051 2484 1153 2526 venena

243 2559 338 2627 potum
361 2553 450 2611 datur.
487 2554 597 2610 euvino
619 2552 744 2609 similiter
764 2561 860 2627 potum
882 2555 986 2611 urinam
1008 2561 1112 2611 movet.

209 2722 400 2788 lpreeolusn:
421 2736 478 2774 -sas
494 2722 625 2789 polub).
681 2721 880 2775 3eieunde1n
899 2722 941 2775 ld.
996 2725 1078 2776 lest
1095 2740 1153 2780 me·

136 2789 230 2844 dicine
253 2791 300 2846 rb.
324 2795 329 2858 Ι
358 2792 411 2845 hoe
429 2792 518 2859 prid:
546 2791 577 2845 id
598 2793 635 2846 rb
659 2793 705 2859 (sc.
724 2793 831 2861 genus).
895 2798 911 2847 ὁ
936 2792 1035 2847 eneibi
1051 2798 1155 2863 oo(b):

137 2860 213 2915 eneti
231 2862 272 2914 id.
289 2862 294 2929 Ι
310 2861 392 2916 florei
410 2860 622 2917 similitudinem
641 2863 687 2917 rb.
746 2868 763 2918 8
782 2879 836 2937 que
854 2879 884 2932 p,
907 2867 926 2931 r}
947 2880 978 2932 o,
1002 2865 1081 2933 qnod
1104 2870 1155 2937 (ep)

135 2959 171 3012 rb
182 2959 222 3026 (i).
292 2963 325 3012 10
343 2975 418 3027 aque
436 2957 529 3014 calide
548 2958 654 3028 ecyatis
672 2960 805 3029 quattuor
821 2977 851 3030 p,
880 2944 918 3031 eli
940 2959 1155 3032 eubdaeeyetis.

136 3050 187 3084 nn.
207 3045 238 3096 o,
256 3044 330 3097 nque
349 3029 441 3083 calide
454 3029 548 3099 cyclis
567 3051 620 3085 1111.
640 3031 741 3099 (ciebis.
759 3051 801 3085 111.
821 3033 849 3101 d)
869 3032 909 3087 ld.
926 3035 931 3100 Ι
946 3031 1155 3104 dysen(ino)te-

134 3099 199 3223 picis
215 3099 373 3226 plgiserffi·
392 3101 413 3169 l,
437 3101 565 3156 dinen-d
594 3101 705 3169 (diesin
728 3120 757 3170 r,
781 3101 895 3185 dyssen-
914 3104 950 3172 b).
1015 3109 1047 3157 11
1070 3108 1155 3176 optu-

133 3187 236 3297 dille
256 3257 275 3312 q
293 3174 618 3312 (lluuellilnmllrlll
633 3173 866 3299 lllllrlllqllh
884 3175 937 3298 *li
958 3244 977 3298 r.
997 3174 1155 3304 mli

134 3317 255 3382 (propter
276 3315 492 3383 dittopropbiom
508 3315 541 3368 in
558 3330 586 3382 r,
609 3314 659 3368 ubi
676 3316 728 3371 sic:
756 3316 796 3384 „l
816 3315 930 3371 seminis
954 3318 984 3371 ei
1001 3332 1024 3371 c.
1043 3334 1070 3371 v.
1095 3319 1155 3374 ior·

133 3385 235 3439 tissimi
245 3384 366 3440 seminis.
381 3388 411 3439 ei
420 3387 518 3441 conire
527 3385 832 3455 venenaforiissimi.“).
850 3388 854 3455 Ι
870 3386 907 3442 ob
916 3388 1045 3442 bunede.
1060 3403 1114 3444 orn.
1125 3392 1155 3448 d.

137 3455 228 3523 lhenc
246 3457 312 3525 pol:
332 3473 418 3525 quem
436 3457 481 3512 rb.
525 3460 556 3510 15
572 3473 683 3525 qnoque
696 3474 718 3512 r.
734 3458 740 3523 Ι
756 3457 835 3512 nulle
847 3474 899 3528 po:
918 3474 969 3515 orn.
988 3459 1010 3528 l,
1028 3474 1088 3516 non
1106 3463 1154 3518 rb.
