2416 3802
458 148 742 217 .—203-

107 319 169 373 stat
192 329 226 373 ea
243 311 393 393 thoracis,
416 314 487 373 item
506 311 656 390 pulmonis
675 319 705 373 et
728 313 836 372 iecoris
855 313 924 391 vitia
945 330 1018 392 pur·

111 403 181 479 gari.
227 401 298 461 trita
329 418 396 461 cum
429 402 497 461 vino
530 407 633 461 contra
665 417 799 461 morsum
830 403 1015 479 serpentium
1050 395 1089 448 D·

114 496 264 568 prosunt·
764 510 765 514 ¹
1028 470 1114 535 ¹2¹⁷⁷·

175 688 262 746 LVI.
293 676 341 745 De
365 691 533 777 coetaneo.

177 806 337 871 Castaneae
356 825 393 869 ex
412 807 549 869 omnibus
568 808 764 870 fortissimum
784 808 905 887 quidem
919 807 1019 871 eibum

86 898 230 977 icorpori
243 903 396 976 praestant
409 896 462 957 sed
476 899 529 976 qui
547 896 666 958 difficile
682 904 893 976 concoquetur.
916 906 1018 961 coctae
1065 903 1080 935 *

109 986 140 1047 in
159 984 340 1047 carbonibus
358 985 406 1045 vel
428 987 458 1045 in
477 984 566 1046 fictili.
579 987 659 1047 sicco
679 1004 748 1046 vaso
767 993 880 1046 assatae
900 993 930 1046 et
949 1003 1017 1047 enm

107 1073 197 1136 melle
224 1075 334 1136 ieiunis
366 1072 450 1135 datae
478 1073 675 1167 tussientibus
701 1082 837 1153 prosunt.
871 1091 960 1152 aqua
988 1077 1019 1135 iu
1064 1079 1080 1111 *

108 1181 167 1242 qua
191 1181 260 1224 oum
287 1181 342 1224 suo
370 1165 481 1224 cortice
509 1162 719 1242 decoquuntur
745 1162 883 1223 coeliacis
913 1162 1018 1242 dysen-

106 1253 213 1312 tericis
239 1253 414 1330 'sanguinem
440 1250 648 1313 excreantibus
676 1250 804 1311 bibenda
826 1250 905 1312 haud
927 1253 1018 1312 inuti-

62 1342 93 1403 .¹⁰
107 1339 178 1402 liter
200 1342 385 1420 propinatur.
421 1341 547 1401 interior
574 1337 747 1407 membrana
774 1356 849 1418 quiae
874 1340 1017 1400 corticem
1064 1346 1079 1378 *

107 1429 300 1508 fructumque
328 1428 473 1489 discernit
495 1427 531 1488 ad
554 1429 672 1489 tertiam
701 1435 817 1507 partem
840 1428 962 1488 decocta
985 1429 1017 1488 in

107 1535 185 1596 aqua
208 1524 239 1578 et
260 1518 345 1597 potui
373 1516 469 1578 oblata
492 1519 567 1578 mire
591 1515 688 1578 alvum
710 1515 852 1583 fluentem
874 1516 1017 1597 refrenat,

107 1605 182 1666 adeo
205 1613 239 1667 ut
262 1604 449 1667 Dioscorides
472 1613 559 1685 putet
575 1607 667 1668 etiam
685 1605 846 1667 cathartico
870 1605 939 1667 dato
961 1623 1016 1685 per
1051 1599 1089 1653 D·

107 1693 184 1755 hanc
198 1696 349 1773 potionem
364 1696 401 1754 iri
415 1693 530 1754 obviam
544 1712 646 1775 posse,
665 1696 692 1754 si
710 1694 778 1773 plus
792 1712 881 1773 quam
895 1711 1019 1755 necesse
1035 1674 1112 1795 {3323}

63 1785 93 1830 ¹⁵
110 1785 149 1843 sit
170 1791 287 1862 purget.
1092 1783 1097 1794 '

171 1993 350 2053 Pistaciorum
366 1997 451 2051 virtus
474 2001 582 2052 austera
598 2002 626 2051 et
641 1996 769 2070 styptica.
808 1993 949 2051 stomacho
972 1993 1019 2050 ad·
1036 1997 1095 2067 (86)
1134 2053 1138 2062 ,

110 2079 250 2136 commoda
279 2086 360 2151 sunt,
389 2087 417 2135 et
443 2078 588 2153 pulmones
616 2086 736 2154 purgant
763 2080 790 2136 in
818 2077 878 2136 cibo
900 2087 1018 2154 sumpta.

111 2165 172 2221 trita
194 2181 255 2221 eum
277 2165 339 2220 vino
362 2171 457 2221 eontra
480 2180 573 2222 omnes
596 2180 704 2221 morsus
726 2171 853 2240 prosunt.

171 2337 317 2395 castaneae
344 2353 377 2394 ex
404 2336 528 2394 omnihus
560 2337 676 2396 nucibus
708 2336 887 2394 fortissimum
918 2335 1020 2392 habent
1038 2334 1096 2403 (ot)

68 2419 214 2494 8initium,
237 2420 374 2479 difficilem
395 2421 587 2496 digestionem.
624 2421 724 2479 virides
746 2421 900 2495 stringunt,
923 2429 1019 2477 coctae

111 2509 207 2564 minus.
251 2514 344 2563 coetae
371 2508 400 2563 in
427 2508 518 2563 cinere
541 2506 583 2562 vel
613 2508 639 2563 in
671 2503 747 2592 fictili
770 2521 833 2562 vase
860 2513 964 2561 assatae
991 2512 1018 2560 et

180 2726 195 2773 1
215 2722 261 2774 eo:
290 2720 319 2772 et
339 2718 433 2787 qnid,
462 2733 496 2772 eo
519 2718 548 2771 et
570 2716 615 2771 rb.
641 2718 646 2785 [
669 2716 794 2785 itemque
816 2715 843 2769 d.
869 2717 873 2784 Ι
897 2715 1013 2785 purgari
1034 2716 1125 2786 pold:

107 2807 151 2846 -re
168 2791 214 2845 rb.
269 2795 285 2843 2
305 2789 386 2844 Trito
402 2804 469 2843 vero
487 2789 533 2842 rb.
550 2791 553 2853 Ι
571 2788 742 2858 serpentium
759 2788 851 2857 peto,
870 2788 943 2842 tum
961 2786 1007 2841 rb.
1057 2793 1074 2841 4
1093 2803 1127 2842 ex

107 2861 237 2916 omnibus
265 2860 393 2929 (nucibus
416 2860 482 2915 aad.
500 2859 604 2928 Epion:
633 2855 716 2928 μόνοι
736 2900 741 2912 .
759 2901 765 2913 .
781 2899 787 2911 .
806 2857 863 2912 τῶν
882 2852 989 2927 ἀγρίων
1008 2858 1125 2926 καρπῶν

106 2926 257 3000 ἀξιόλογον
279 2925 389 3000 τροφὴν
412 2925 525 2984 διδόασι
549 2930 587 2999 τῷ
612 2925 720 3000 σώματι
743 2929 806 2984 (tat.
831 2938 866 2987 Vl,
889 2934 950 2984 621.
1029 2934 1045 2983 6
1068 2945 1127 2984 eor-

107 3001 184 3073 poris
203 3004 302 3073 (aiem.
319 3005 323 3071 Ι
340 3001 443 3057 Oootoe
462 3001 605 3056 antemio
625 3001 770 3083 ...roo
806 2999 861 3055 Η.
882 2999 1043 3055 merovaeo
1066 3001 1127 3083 (vas

105 3075 331 3201 attat&
348 3089 410 3199 i’t.
427 3070 1128 3212 ift2.tttt.i⁰tt⁸¹tt⁰tt’..ittt55⁰⁰

109 3223 210 3272 8eum
233 3231 283 3270 suo
306 3215 410 3270 cortice
438 3215 472 3284 (o.
492 3214 595 3269 cortine
618 3229 668 3269 suo
691 3214 720 3280 d)
749 3213 845 3282 deooq.
864 3212 942 3280 pold
957 3213 1034 3281 (pap
1062 3228 1127 3266 oum

108 3304 192 3343 suooo
211 3285 328 3343 cortices
347 3302 409 3354 ooq.
427 3287 475 3340 rb.
496 3287 500 3350 1
521 3285 635 3354 oyliocis
652 3285 765 3354 pour),
784 3283 892 3338 oilieois
908 3284 936 3338 d.
956 3286 960 3350 Ι
980 3281 1087 3352 dysint-
1101 3298 1127 3349 o,

108 3359 216 3430 disput
238 3374 269 3427 p,
298 3357 401 3412 disent·
420 3358 461 3413 td.
529 3355 760 3412 nexereantibus
783 3355 831 3409 td:
859 3353 1049 3408 recreantibus
1068 3353 1128 3420 (oie)

107 3447 163 3500 po,
181 3428 361 3484 reicientibus
374 3428 420 3483 rb.
436 3429 441 3496 1
457 3427 545 3482 houd:
564 3444 621 3483 non
639 3429 665 3482 ci.
713 3431 745 3480 11
760 3443 787 3496 p.
802 3426 868 3480 dote
881 3426 908 3480 d.
956 3430 988 3480 13
998 3424 1096 3495 dyoso
1111 3425 1130 3491 l,

110 3500 199 3557 dioso-
218 3501 244 3555 d.
270 3504 274 3565 Ι
300 3499 367 3554 dato
385 3500 473 3569 poid:
493 3499 560 3554 doto
577 3499 622 3553 rb.
