2416 3802
490 147 731 214 —205-

171 354 292 412 cvm.
323 355 373 409 De
396 353 508 424 pinca.
1035 410 1098 468 Gal.

170 472 363 534 Foiticsimuc
386 489 424 533 ox
443 471 559 533 nucleis
577 471 663 533 cibus
682 479 728 534 est
746 478 777 534 et
793 491 918 535 umores
937 475 1121 553 opti-uruat.

103 580 170 623 mos
198 562 293 640 giguit
318 567 350 622 et
376 562 457 622 sitim
484 559 568 622 sedat
596 568 627 622 et
650 561 795 624 stomachi
821 564 1013 624 acrimoniam
1047 570 1109 645 pp

104 658 259 730 temperat.
297 656 406 729 purgat
433 651 558 711 urinam
603 658 735 729 praestat
764 650 890 712 antidoti
916 653 1109 729 vicemaara.

107 757 177 800 cum
199 738 305 800 laseris
330 769 369 782 -
394 753 424 819 1,
446 740 519 800 nitri
542 768 585 781 -
604 752 632 818 1,
655 740 764 818 cymini
789 770 832 784 -
854 754 881 821 1,
903 739 1016 819 palinu-
1062 743 1078 777 *

75 827 203 889 alarum
226 840 319 888 -12
347 824 446 888 omnia
473 829 504 887 in
533 826 660 906 oxymeli
687 826 818 890 resoluto
840 829 1016 908 oxyporium

104 917 354 978 iucundissimum
374 923 540 997 praestant,
563 917 589 976 si
607 917 695 977 uncia
718 917 818 978 nuclei
840 919 904 978 triti
926 915 1016 977 simul

106 1006 276 1084 accipiatur.
304 1022 373 1066 cum
387 1006 452 1065 uvis
471 1005 567 1084 passis
585 1003 773 1083 frequentius
788 1004 887 1067 nuclei
906 1007 1017 1084 sumpti

107 1235 204 1293 macho
226 1233 328 1309 aliquid
351 1234 453 1308 rigoris
468 1232 630 1307 adquirunt,
652 1242 774 1292 ventrem
789 1234 926 1292 molliunt.
960 1252 1016 1292 ma·

107 1329 187 1377 turae
207 1321 332 1376 nutriunt
354 1327 383 1375 ct
397 1324 560 1392 egeruntur.
587 1335 648 1376 cum
664 1319 765 1376 luerint
778 1319 895 1376 mundae
910 1315 1014 1376 tollant.

75 1414 96 1456 to
109 1405 225 1462 cortices
249 1420 314 1460 vero
337 1419 430 1459 aarum
453 1404 633 1477 restringunt.
688 1456 690 1462 .

170 1488 259 1545 Nuces
287 1489 374 1545 siccae
400 1487 469 1544 duae
495 1503 557 1544 cum
585 1487 700 1544 totidem
726 1487 785 1548 ficis
815 1498 843 1546 et
870 1507 913 1546 xx
939 1495 1017 1544 rutae
1035 1491 1092 1561 (88)

108 1573 181 1629 foliis
204 1572 294 1629 addito
316 1571 379 1628 salis
402 1588 487 1646 grano
502 1588 557 1628 unc
573 1572 654 1628 simul
676 1582 872 1630 conteruntur:
896 1573 1017 1630 aieiuuo

107 1665 244 1714 comestae
258 1663 354 1714 contra
369 1657 459 1713 omnia
473 1672 575 1714 rcueua
597 1665 729 1731 pugnant.
768 1657 850 1716 tritae
864 1675 927 1716 cum
942 1657 1017 1713 corio

105 1756 159 1798 ‘auo
185 1741 213 1798 iu
242 1740 369 1799 umbilico
395 1741 501 1816 positae
528 1739 678 1798 lumbricos
705 1741 862 1799 excludunt.
899 1739 964 1800 lolia
986 1757 1018 1799 ex

62 1835 95 1878 lc
110 1832 188 1884 aceto
211 1827 273 1882 trita
295 1823 407 1882 auribus
428 1824 558 1882 instillata
580 1825 705 1882 auditum
725 1825 890 1908 praebeam

483 1915 644 1933 ——A-u

173 1981 303 2038 Piomum
335 1978 426 2037 nuclei
456 1978 623 2036 edidisstmi·
645 1989 716 2038 sunt
760 1980 859 2039 lortius
892 1997 1017 2039 venerem

110 2073 298 2136 commoveat,
324 2064 496 2121 stomachum
519 2071 548 2120 et
574 2078 655 2122 renes
676 2065 886 2130 excalefaciunt,
915 2067 1019 2123 minam

112 2157 241 2227 purgant.
281 2166 313 2207 ex
335 2151 396 2205 uiuo
425 2147 497 2205 dulci
525 2147 613 2224 potati
635 2157 758 2207 ventrem
778 2159 898 2208 moveat.
935 2149 967 2208 lit
987 2167 1020 2208 ex

114 2236 208 2293 eodem
231 2234 390 2309 oxyporium
412 2231 495 2289 utile:
524 2231 613 2289 uuclei
640 2235 750 2309 purgati
771 2233 858 2292 lasere
880 2236 953 2293 nitro
975 2251 1021 2310 cy·
1118 2265 1121 2274 ·

62 2320 186 2377 'omino
213 2319 338 2396 palmulis
365 2316 488 2375 admixtis
510 2333 571 2376 cum
599 2318 679 2375 melle
704 2317 819 2376 dautur:
852 2318 1020 2396 dogmaticos

115 2413 200 2462 curat.

179 2539 228 2591 Da
244 2538 426 2601 palmam
443 2535 559 2599 pomis.

176 2628 327 2687 Palmarum
350 2628 533 2686 thebaicarum
548 2627 590 2684 vel
611 2629 778 2687 nicolaorum
801 2646 880 2704 poma
902 2629 956 2687 hoc
976 2637 1020 2686 est
1039 2625 1095 2694 (98)

116 2713 213 2789 dactyli
241 2713 342 2770 habeut
368 2712 471 2788 aliquid
497 2711 605 2798 caloris.
642 2715 713 2771 cocti
740 2714 768 2771 in
791 2716 853 2770 vinc
882 2713 936 2771 dati
963 2721 1021 2770 sto·

186 2932 429 2992 llortiaaimiao.
446 2935 451 3003 Ι
466 2933 599 2989 humores
617 2933 663 2989 liic
680 2935 739 3005 (pati
755 2935 815 2990 aine
828 2935 848 2989 h
861 2937 977 3004 semer)
994 2951 1021 2990 c.
1067 2938 1129 2991 ael

115 3007 218 3074 (emm.)
236 3006 327 3076 ovid:
347 3021 380 3061 ac
398 3006 444 3061 rb.
507 3010 524 3060 8
543 3007 575 3060 et
590 3004 701 3060 urinam
717 3007 822 3076 purgat
838 3006 865 3061 d.
891 3006 896 3076 l
920 3007 1128 3078 praestat-(7)

115 3077 289 3148 frequentius
305 3093 356 3133 om.
375 3078 403 3132 d.
470 3081 557 3131 eote.
578 3078 830 3146 -1.p(r521.l):
858 3078 942 3132 uncia
963 3093 1019 3132 una
1040 3078 1102 3133 rb(

116 3155 131 3203 5
154 3164 228 3218 quac
251 3147 346 3203 omnia
369 3148 414 3203 rb.
440 3151 445 3216 1
470 3145 595 3202 oximelli
612 3148 667 3217 pal
689 3147 839 3218 (oxymclle
860 3149 918 3218 rb).
943 3150 948 3217 Ι
972 3148 1128 3218 oxipcrium

116 3219 281 3290 (axipoaium
297 3222 325 3290 o)
344 3218 573 3274 iocundissimum
589 3220 807 3289 praelpralstant
823 3220 891 3289 pol:
918 3218 1030 3275 iucund.
1048 3235 1129 3289 prae·

117 3291 357 3360 otauloxyp.rb.
404 3288 1129 3360 tancia...accipiaturpolzunciam...acci·

116 3363 179 3434 piet
194 3363 241 3432 rb.
296 3367 311 3416 7
331 3360 403 3417 Cum
419 3360 482 3416 uria
500 3363 572 3431 (cop
591 3361 717 3416 comunis
735 3362 753 3416 l.
774 3364 779 3430 Ι
804 3361 978 3431 frequentius
995 3360 1090 3417 nuclei
1107 3379 1128 3416 a.

117 3451 153 3504 pc
181 3432 379 3502 (frequentius.
416 3431 518 3486 Nuclei
540 3447 561 3486 a.
585 3433 608 3501 l,
639 3431 742 3487 Nuclei
765 3450 787 3487 a.
810 3447 860 3490 om.
883 3431 1058 3502 frequentius
1082 3433 1128 3501 d)=

117 3505 218 3562 Nuclei
234 3502 408 3573 frequentius
427 3521 448 3560 a.
467 3504 512 3558 rb.
