2416 3802
452 140 677 238 ³77-

58 301 172 364 cedunt
186 304 394 382 comprimunt.
415 310 518 362 contra
533 303 723 363 collectiones
738 303 807 362 lolia
836 313 923 375 aaut.

56 390 181 452 oleastri
205 408 241 450 ex
263 393 330 451 vino
354 393 424 451 trita
447 393 649 469 imponuntur.
682 395 708 452 is
732 410 806 471 qnae
870 395 907 448 r'b.

56 479 213 559 purganda
241 487 311 540 sunt
338 478 459 539 oleastri
486 479 555 539 lolia
583 499 620 540 ex
643 480 728 540 melle
759 480 806 540 ad·
959 539 962 543 .

57 567 210 629 bibentur.
247 567 347 629 ulcera
374 571 528 628 manantia·
552 568 651 629 oleum
673 569 806 648 amygda·
836 580 923 642 23,85.

25 656 154 718 alinum
186 675 255 717 cum
282 659 349 717 vino
383 664 535 736 expurgat.
576 658 625 717 fici
657 676 808 717 ramorum
836 670 941 731 23‚119.

58 747 158 806 teneri
176 745 313 806 cauliculi
337 748 397 806 tusi
419 747 614 824 imponuntur
635 765 703 806 cum
721 747 808 806 melle

59 833 211 894 ulceribus
244 852 319 912 quae
349 836 428 894 ceria
458 842 571 895 vocant.
618 837 809 895 carcinomati
837 846 931 908 ‘rapte

59 925 86 983 si
105 924 169 983 sine
184 922 305 983 vulnere
321 925 359 984 sit
374 940 462 1001 quam
475 925 700 1002 pinguissimam
718 924 808 984 ficum
836 917 896 984 (7777·
915 919 940 984 7)

58 1013 214 1090 imponere
242 1010 391 1091 singulare
420 1011 586 1072 remedium
616 1020 669 1072 est.
715 1031 808 1073 nuces
836 1023 932 1085 23‚148

13 1113 45 1154 ro
58 1099 213 1179 iuglandes
231 1108 403 1179 perveteres
422 1101 681 1162 commanducatae
701 1100 807 1162 ulceri·
836 1096 899 1162 (7777
915 1097 941 1162 7)

58 1188 117 1249 bus
131 1188 290 1250 medentur
303 1191 467 1268 impositae.
495 1189 578 1268 glans
597 1189 723 1249 roborea
737 1192 808 1250 trita
836 1200 905 1261 tta.

59 1295 130 1338 cnm
147 1280 273 1356 axungia
292 1278 416 1337 duritias
435 1296 509 1355 quas
528 1277 684 1337 cacoethes
703 1285 809 1337 vocant
863 1299 864 1304 ¹

58 1374 91 1426 et
114 1374 216 1426 evocat
239 1374 270 1426 et
293 1365 446 1426 emendat:
466 1365 572 1427 melius
594 1368 619 1426 si
639 1368 678 1426 sit
700 1365 808 1426 ilicina.

58 1453 212 1516 ulceribus
240 1473 315 1533 quae
344 1461 469 1533 serpunt
493 1463 522 1515 et
553 1473 627 1533 quae
656 1457 687 1515 in
710 1458 736 1515 is
760 1474 808 1515 ex·
838 1465 915 1527 2425

16 1553 45 1594 15
59 1549 201 1604 crescunt
237 1542 423 1622 spondylium
456 1561 524 1602 cunr
561 1551 628 1604 ruta
664 1544 808 1604 inlinitur.
837 1538 897 1604 (0777·
916 1537 941 1603 t)

57 1633 111 1711 pix
132 1630 234 1691 brittia
257 1650 326 1692 cum
348 1631 434 1692 melle
458 1631 558 1692 ulcera
580 1640 688 1711 purgat
711 1633 810 1712 explet
837 1642 925 1703 24‚38.

59 1728 153 1781 sanat.
181 1719 283 1780 eadem
302 1722 352 1799 pix
372 1739 441 1780 cum
455 1739 510 1780 ura
528 1739 614 1800 passa
634 1729 664 1780 et
682 1724 808 1799 axungia
836 1723 874 1777 ib.
894 1724 954 1791 (our.
973 1722 998 1788 r)

58 1807 214 1871 idceribus
231 1808 474 1887 putrescentibus
497 1809 641 1869 medetur.
679 1828 755 1887 aqua
777 1812 808 1869 in
837 1819 924 1881 retr.

59 1915 119 1976 qua
151 1896 309 1958 lentiscum
341 1897 497 1957 decoctum
524 1905 571 1958 est
601 1898 701 1957 ulcero
733 1916 807 1975 quae

19 1995 46 2037 ¹⁰
59 1993 189 2065 serpunt
214 1986 327 2047 utiliter
355 1986 502 2047 foventur.
542 1985 650 2064 pilulae
679 1986 715 2045 de
747 1985 807 2064 pla·
837 1996 924 2057 24,44.

59 2076 139 2135 tanis
157 2081 241 2134 tusae
261 2073 419 2134 emendant
437 2081 554 2133 veteres
573 2073 749 2134 malandrias
773 2092 808 2132 ex

59 2163 157 2224 melle.
198 2162 309 2223 hedera
337 2180 372 2222 ex
400 2164 467 2221 vino
497 2162 619 2222 decocta
646 2164 809 2241 imponitur
837 2174 925 2236 2458.

59 2253 195 2312 omnium
217 2253 320 2329 generi
334 2250 487 2312 ulcerum.
524 2251 603 2310 idem
625 2258 756 2329 praestat
780 2258 810 2311 et
838 2255 1040 2321 29,31(om.r)

58 2339 126 2400 lana
150 2338 253 2400 sucida
280 2357 316 2399 ex
338 2339 435 2399 melle.
472 2341 547 2399 cinis
576 2340 638 2398 fimi
660 2338 809 2418 pecudum
838 2351 942 2412 30,113.

133 2568 147 2615 1
169 2562 355 2632 compriment
372 2563 398 2618 d.
472 2568 488 2615 2
507 2562 546 2615 is:
564 2560 609 2616 his
626 2563 716 2631 ydrb.
790 2568 806 2616 3
826 2578 860 2616 ex
878 2561 962 2615 melle
980 2577 1030 2617 om.
1049 2562 1076 2614 d.

61 2632 245 2705 lodhibenda
267 2635 331 2688 sunt
354 2635 380 2689 d.
467 2637 482 2686 5
507 2635 571 2687 cum
594 2632 668 2687 vino.
693 2649 727 2686 ex
748 2631 814 2687 vino
838 2633 975 2702 expurgat
997 2633 1023 2685 d.

59 2711 76 2760 7
101 2703 195 2760 cerain
215 2705 264 2774 φά.
290 2705 294 2772 Ι
320 2704 485 2760 Cercinomc
506 2705 558 2773 gb,
582 2702 759 2758 Carnomosis
781 2704 808 2757 d.
868 2709 884 2756 9
903 2703 1077 2771 imponerep

58 2774 113 2844 (-ni
133 2776 203 2844 Pla:
230 2775 343 2844 impone
366 2776 415 2830 db.
489 2780 522 2828 10
536 2776 695 2844 perveteres
716 2774 755 2844 pb
779 2773 839 2842 (M,
860 2774 930 2842 Pto:
959 2789 1009 2828 om.
1028 2772 1076 2843 d.{

58 2845 215 2902 ulceribus:
236 2845 397 2901 vulneribus
414 2846 485 2915 pdb.
559 2851 592 2900 11
611 2846 729 2900 roborea
746 2846 822 2915 pdb:
841 2845 876 2900 de
894 2845 993 2901 robore
1012 2845 1077 2899 rM.

94 2923 132 2972 12
152 2917 299 2972 cacoethes
320 2916 358 2970 M
375 2918 455 2986 (Pl.):
482 2916 650 2971 caohoethos
667 2917 709 2986 gd
727 2911 903 2985 (κακοήθως
922 2917 950 2984 b,
974 2933 1024 2972 ooo.
1044 2919 1078 2985 r).

97 2994 131 3042 13
152 2990 252 3043 evocet
269 2989 320 3057 pb:
341 2987 431 3042 elocot
444 2988 470 3042 d.
496 2987 501 3058 Ι
526 2987 767 3042 melius-ilicino
784 2988 838 3056 qd:
865 3003 914 3041 om.
934 2988 950 3042 b
969 2987 1077 3056 (rM).³

58 3058 152 3129 iligna
171 3058 218 3113 Pl.
269 3064 303 3113 14
316 3057 485 3113 Vulneribus
504 3059 524 3113 d
543 3060 599 3126 (red
612 3075 750 3127 suprascr.
765 3074 834 3112 corr.
849 3057 989 3113 ulceribus
999 3083 1033 3103 =
1042 3060 1079 3126 p).

59 3129 121 3256 pise
140 3127 186 3182 hie
203 3130 273 3198 gdb.
330 3133 362 3182 15
382 3129 551 3199 spondilium
570 3132 600 3198 d,
620 3128 737 3183 -delium
755 3130 801 3199 pb.
864 3136 897 3184 16
915 3129 1014 3184 brittio
1031 3129 1079 3198 pb,
1168 3188 1169 3192 ,

79 3199 168 3255 riotia
190 3201 209 3254 d
232 3201 337 3269 (brutia
361 3203 394 3270 r).
469 3206 500 3255 l'l
526 3201 555 3255 et
578 3202 659 3254 sonat
681 3201 707 3254 d.
782 3206 815 3255 18
833 3200 981 3255 medentur
999 3201 1025 3254 d.

60 3278 95 3326 19
114 3270 267 3326 lentiscum
284 3272 337 3341 gd:
357 3289 417 3326 cus
436 3272 480 3325 rb.
541 3278 573 3325 21
594 3270 751 3326 emendant.
783 3271 899 3325 Vermes
917 3270 1023 3324 tollunt
1041 3270 1081 3332 (et

59 3343 127 3398 add.
146 3343 176 3411 d)
194 3341 335 3397 Mulatuso
353 3343 438 3410 (mula
455 3344 519 3396 tuso
532 3343 581 3410 db)
601 3358 635 3396 ex
653 3341 737 3396 melle
750 3343 814 3411 pbd
832 3342 949 3410 (correxi
967 3355 1000 3392 eor
1020 3338 1079 3392 Pl:

61 3419 149 3468 totum
167 3428 218 3468 om.
238 3413 293 3481 M„
316 3415 415 3469 ultima
432 3413 670 3468 veteres-melle
693 3428 743 3467 om.
762 3415 798 3481 r).
872 3417 905 3466 23
929 3407 1081 3480 generibus

60 3484 191 3538 ulcerum
208 3501 238 3553 9,
256 3502 361 3554 genero
379 3484 519 3541 ulceribus
538 3485 558 3542 d
577 3485 653 3556 (horo
672 3502 726 3542 oro.
743 3486 784 3555 bl.
855 3535 858 3538 ,
