<?xml version="1.0" encoding="UTF-8"?>
<!DOCTYPE html PUBLIC "-//W3C//DTD XHTML 1.0 Transitional//EN"
    "http://www.w3.org/TR/xhtml1/DTD/xhtml1-transitional.dtd">
<html xmlns="http://www.w3.org/1999/xhtml" xml:lang="en" lang="en">
 <head>
  <title>
</title>
<meta http-equiv="Content-Type" content="text/html;charset=utf-8" />
  <meta name='ocr-system' content='tesseract 3.04.00' />
  <meta name='ocr-capabilities' content='ocr_page ocr_carea ocr_par ocr_line ocrx_word'/>
</head>
<body>
  <div class='ocr_page' id='page_1' title='image "./pliniisecundiqu00plingoog_0205.png"; bbox 0 0 2384 3796; ppageno 0'>
   <div class='ocr_carea' id='block_1_1' title="bbox 544 158 787 224">
    <p class='ocr_par' dir='ltr' id='par_1_1' title="bbox 544 158 787 224">
     <span class='ocr_line' id='line_1_1' title="bbox 544 158 787 224; baseline 0.012 -3"><span class='ocrx_word' id='word_1_1' title='bbox 544 158 787 224; x_wconf 89' lang='lat'>-198—</span> 
     </span>
    </p>
   </div>
   <div class='ocr_carea' id='block_1_2' title="bbox 324 360 642 418">
    <p class='ocr_par' dir='ltr' id='par_1_2' title="bbox 324 360 642 418">
     <span class='ocr_line' id='line_1_2' title="bbox 324 360 642 418; baseline 0 0"><span class='ocrx_word' id='word_1_2' title='bbox 324 360 398 418; x_wconf 81' lang='lat' dir='ltr'><strong>m.</strong></span> <span class='ocrx_word' id='word_1_3' title='bbox 429 363 479 417; x_wconf 84' lang='lat' dir='ltr'><strong>De</strong></span> <span class='ocrx_word' id='word_1_4' title='bbox 502 361 642 418; x_wconf 82' lang='lat' dir='ltr'><strong>carasio.</strong></span> 
     </span>
    </p>
   </div>
   <div class='ocr_carea' id='block_1_3' title="bbox 151 473 1168 1890">
    <p class='ocr_par' dir='ltr' id='par_1_3' title="bbox 151 473 1168 1890">
     <span class='ocr_line' id='line_1_3' title="bbox 184 473 1137 561; baseline -0.002 -21"><span class='ocrx_word' id='word_1_5' title='bbox 184 473 229 528; x_wconf 80' lang='lat' dir='ltr'><strong>Pl·</strong></span> <span class='ocrx_word' id='word_1_6' title='bbox 325 477 427 541; x_wconf 79' lang='lat' dir='ltr'><strong>Gerasi</strong></span> <span class='ocrx_word' id='word_1_7' title='bbox 460 479 561 541; x_wconf 84' lang='lat' dir='ltr'><strong>viride</strong></span> <span class='ocrx_word' id='word_1_8' title='bbox 581 498 704 561; x_wconf 90' lang='lat' dir='ltr'><strong>pomum</strong></span> <span class='ocrx_word' id='word_1_9' title='bbox 731 488 865 542; x_wconf 87' lang='lat' dir='ltr'><strong>ventrem</strong></span> <span class='ocrx_word' id='word_1_10' title='bbox 885 490 1016 544; x_wconf 89' lang='lat' dir='ltr'><strong>umectat</strong></span> <span class='ocrx_word' id='word_1_11' title='bbox 1038 488 1066 542; x_wconf 93' lang='lat' dir='ltr'><strong>et</strong></span> <span class='ocrx_word' id='word_1_12' title='bbox 1090 495 1137 560; x_wconf 81' lang='lat' dir='ltr'><strong>pro</strong></span> 
     </span>
     <span class='ocr_line' id='line_1_4' title="bbox 158 549 1138 649; baseline -0.001 -21"><span class='ocrx_word' id='word_1_13' title='bbox 158 549 247 613; x_wconf 56' lang='lat'>2³³²·</span> <span class='ocrx_word' id='word_1_14' title='bbox 259 575 356 649; x_wconf 82' lang='lat' dir='ltr'><strong>vocat,</strong></span> <span class='ocrx_word' id='word_1_15' title='bbox 374 569 491 631; x_wconf 87' lang='lat' dir='ltr'><strong>aridum</strong></span> <span class='ocrx_word' id='word_1_16' title='bbox 511 572 603 631; x_wconf 89' lang='lat' dir='ltr'><strong>siccat</strong></span> <span class='ocrx_word' id='word_1_17' title='bbox 623 578 654 632; x_wconf 92' lang='lat' dir='ltr'><strong>et</strong></span> <span class='ocrx_word' id='word_1_18' title='bbox 673 570 796 631; x_wconf 83' lang='lat' dir='ltr'><strong>detinet.</strong></span> <span class='ocrx_word' id='word_1_19' title='bbox 824 570 977 633; x_wconf 78' lang='lat' dir='ltr'><strong>stomacho</strong></span> <span class='ocrx_word' id='word_1_20' title='bbox 990 570 1078 632; x_wconf 82' lang='lat' dir='ltr'><strong>viride</strong></span> <span class='ocrx_word' id='word_1_21' title='bbox 1090 585 1138 629; x_wconf 90' lang='lat' dir='ltr'><strong>con·</strong></span> 
     </span>
     <span class='ocr_line' id='line_1_5' title="bbox 257 657 1139 739; baseline 0.002 -21"><span class='ocrx_word' id='word_1_22' title='bbox 257 659 396 739; x_wconf 83' lang='lat' dir='ltr'><strong>tranium,</strong></span> <span class='ocrx_word' id='word_1_23' title='bbox 424 660 537 719; x_wconf 88' lang='lat' dir='ltr'><strong>siccum</strong></span> <span class='ocrx_word' id='word_1_24' title='bbox 565 676 717 737; x_wconf 88' lang='lat' dir='ltr'><strong>perquam·</strong></span> <span class='ocrx_word' id='word_1_25' title='bbox 738 658 809 719; x_wconf 92' lang='lat' dir='ltr'><strong>utile</strong></span> <span class='ocrx_word' id='word_1_26' title='bbox 833 661 988 739; x_wconf 79' lang='lat' dir='ltr'><strong>accipitur.</strong></span> <span class='ocrx_word' id='word_1_27' title='bbox 1024 659 1076 720; x_wconf 90' lang='lat' dir='ltr'><strong>hoc</strong></span> <span class='ocrx_word' id='word_1_28' title='bbox 1095 657 1139 736; x_wconf 80' lang='lat' dir='ltr'><strong>qui·</strong></span> 
     </span>
     <span class='ocr_line' id='line_1_6' title="bbox 188 741 1147 827; baseline -0.002 -21"><span class='ocrx_word' id='word_1_29' title='bbox 188 785 191 789; x_wconf 92' lang='lat'>-</span> <span class='ocrx_word' id='word_1_30' title='bbox 258 745 326 807; x_wconf 92' lang='lat' dir='ltr'><strong>dam</strong></span> <span class='ocrx_word' id='word_1_31' title='bbox 353 748 524 807; x_wconf 81' lang='lat' dir='ltr'><strong>existimant</strong></span> <span class='ocrx_word' id='word_1_32' title='bbox 551 755 582 809; x_wconf 91' lang='lat' dir='ltr'><strong>ct</strong></span> <span class='ocrx_word' id='word_1_33' title='bbox 613 749 730 808; x_wconf 88' lang='lat' dir='ltr'><strong>urinam</strong></span> <span class='ocrx_word' id='word_1_34' title='bbox 758 765 887 808; x_wconf 85' lang='lat' dir='ltr'><strong>movere.</strong></span> <span class='ocrx_word' id='word_1_35' title='bbox 928 766 945 807; x_wconf 92' lang='lat' dir='ltr'><strong>a</strong></span> <span class='ocrx_word' id='word_1_36' title='bbox 975 766 1036 808; x_wconf 92' lang='lat' dir='ltr'><strong>non</strong></span> <span class='ocrx_word' id='word_1_37' title='bbox 1064 741 1147 827; x_wconf 83' lang='lat' dir='ltr'><strong>pancis&#39;</strong></span> 
     </span>
     <span class='ocr_line' id='line_1_7' title="bbox 258 833 1156 916; baseline -0.003 -21"><span class='ocrx_word' id='word_1_38' title='bbox 258 834 431 896; x_wconf 90' lang='lat' dir='ltr'><strong>auctoribus</strong></span> <span class='ocrx_word' id='word_1_39' title='bbox 445 835 586 916; x_wconf 79' lang='lat' dir='ltr'>traditur,</span> <span class='ocrx_word' id='word_1_40' title='bbox 605 837 631 896; x_wconf 90' lang='lat' dir='ltr'><strong>si</strong></span> <span class='ocrx_word' id='word_1_41' title='bbox 644 854 730 898; x_wconf 91' lang='lat' dir='ltr'><strong>manc</strong></span> <span class='ocrx_word' id='word_1_42' title='bbox 745 838 878 896; x_wconf 79' lang='lat' dir='ltr'>recentia</span> <span class='ocrx_word' id='word_1_43' title='bbox 892 853 963 899; x_wconf 89' lang='lat' dir='ltr'><strong>cum</strong></span> <span class='ocrx_word' id='word_1_44' title='bbox 976 839 1040 898; x_wconf 89' lang='lat' dir='ltr'><strong>suis</strong></span> <span class='ocrx_word' id='word_1_45' title='bbox 1053 833 1156 897; x_wconf 75' lang='lat' dir='ltr'><strong>nucleiti</strong></span> 
     </span>
     <span class='ocr_line' id='line_1_8' title="bbox 258 921 1141 1005; baseline -0.002 -22"><span class='ocrx_word' id='word_1_46' title='bbox 258 921 396 984; x_wconf 86' lang='lat' dir='ltr'><strong>devorata</strong></span> <span class='ocrx_word' id='word_1_47' title='bbox 415 925 489 1005; x_wconf 90' lang='lat' dir='ltr'><strong>sint,</strong></span> <span class='ocrx_word' id='word_1_48' title='bbox 512 924 610 985; x_wconf 87' lang='lat' dir='ltr'><strong>alvum</strong></span> <span class='ocrx_word' id='word_1_49' title='bbox 630 932 691 985; x_wconf 87' lang='lat' dir='ltr'><strong>tam</strong></span> <span class='ocrx_word' id='word_1_50' title='bbox 705 925 825 1004; x_wconf 82' lang='lat' dir='ltr'>copiose</span> <span class='ocrx_word' id='word_1_51' title='bbox 845 922 993 989; x_wconf 86' lang='lat' dir='ltr'><strong>fluerent</strong></span> <span class='ocrx_word' id='word_1_52' title='bbox 1015 943 1052 986; x_wconf 85' lang='lat' dir='ltr'><strong>cx</strong></span> <span class='ocrx_word' id='word_1_53' title='bbox 1065 923 1141 985; x_wconf 89' lang='lat' dir='ltr'><strong>eaden</strong></span> 
     </span>
     <span class='ocr_line' id='line_1_9' title="bbox 258 1009 1142 1093; baseline -0.005 -22"><span class='ocrx_word' id='word_1_54' title='bbox 258 1029 347 1072; x_wconf 89' lang='lat' dir='ltr'><strong>causa</strong></span> <span class='ocrx_word' id='word_1_55' title='bbox 374 1013 464 1073; x_wconf 89' lang='lat' dir='ltr'><strong>etiam</strong></span> <span class='ocrx_word' id='word_1_56' title='bbox 491 1013 583 1093; x_wconf 91' lang='lat' dir='ltr'><strong>pedes</strong></span> <span class='ocrx_word' id='word_1_57' title='bbox 617 1012 722 1074; x_wconf 87' lang='lat' dir='ltr'><strong>morbo</strong></span> <span class='ocrx_word' id='word_1_58' title='bbox 753 1012 881 1092; x_wconf 80' lang='lat' dir='ltr'><strong>inpliciti</strong></span> <span class='ocrx_word' id='word_1_59' title='bbox 913 1012 1085 1075; x_wconf 80' lang='lat' dir='ltr'><strong>liberentur.</strong></span> <span class='ocrx_word' id='word_1_60' title='bbox 1120 1009 1142 1068; x_wconf 90' lang='lat' dir='ltr'><strong>lt</strong></span> 
     </span>
     <span class='ocr_line' id='line_1_10' title="bbox 174 1095 1142 1182; baseline -0.001 -23"><span class='ocrx_word' id='word_1_61' title='bbox 174 1095 237 1150; x_wconf 77' lang='lat' dir='ltr'><strong>Gol-</strong></span> <span class='ocrx_word' id='word_1_62' title='bbox 261 1118 298 1160; x_wconf 81' lang='lat' dir='ltr'><strong>cx</strong></span> <span class='ocrx_word' id='word_1_63' title='bbox 320 1100 367 1161; x_wconf 89' lang='lat' dir='ltr'><strong>his</strong></span> <span class='ocrx_word' id='word_1_64' title='bbox 394 1101 591 1182; x_wconf 87' lang='lat' dir='ltr'><strong>diacerasion,</strong></span> <span class='ocrx_word' id='word_1_65' title='bbox 619 1102 699 1181; x_wconf 90' lang='lat' dir='ltr'><strong>qnod</strong></span> <span class='ocrx_word' id='word_1_66' title='bbox 727 1100 865 1163; x_wconf 86' lang='lat' dir='ltr'><strong>omnihus</strong></span> <span class='ocrx_word' id='word_1_67' title='bbox 893 1112 1000 1164; x_wconf 90' lang='lat' dir='ltr'><strong>notum</strong></span> <span class='ocrx_word' id='word_1_68' title='bbox 1023 1110 1075 1164; x_wconf 90' lang='lat' dir='ltr'><strong>est.</strong></span> <span class='ocrx_word' id='word_1_69' title='bbox 1105 1098 1142 1159; x_wconf 79' lang='lat' dir='ltr'><strong>tla-</strong></span> 
     </span>
     <span class='ocr_line' id='line_1_11' title="bbox 151 1171 1142 1270; baseline -0.002 -21"><span class='ocrx_word' id='word_1_70' title='bbox 151 1171 328 1268; x_wconf 54' lang='lat' dir='ltr'><strong>”miano</strong></span> <span class='ocrx_word' id='word_1_71' title='bbox 348 1189 445 1270; x_wconf 89' lang='lat' dir='ltr'><strong>placet</strong></span> <span class='ocrx_word' id='word_1_72' title='bbox 468 1209 528 1251; x_wconf 93' lang='lat' dir='ltr'><strong>non</strong></span> <span class='ocrx_word' id='word_1_73' title='bbox 546 1207 636 1251; x_wconf 90' lang='lat' dir='ltr'><strong>unam</strong></span> <span class='ocrx_word' id='word_1_74' title='bbox 659 1192 689 1251; x_wconf 92' lang='lat' dir='ltr'><strong>in</strong></span> <span class='ocrx_word' id='word_1_75' title='bbox 709 1189 848 1250; x_wconf 90' lang='lat' dir='ltr'><strong>omnibus</strong></span> <span class='ocrx_word' id='word_1_76' title='bbox 867 1192 964 1251; x_wconf 87' lang='lat' dir='ltr'><strong>cerasi</strong></span> <span class='ocrx_word' id='word_1_77' title='bbox 986 1193 1080 1270; x_wconf 90' lang='lat' dir='ltr'><strong>pomis</strong></span> <span class='ocrx_word' id='word_1_78' title='bbox 1096 1202 1142 1248; x_wconf 85' lang='lat' dir='ltr'><strong>esse</strong></span> 
     </span>
     <span class='ocr_line' id='line_1_12' title="bbox 257 1276 1168 1362; baseline -0.003 -25"><span class='ocrx_word' id='word_1_79' title='bbox 257 1280 411 1341; x_wconf 85' lang='lat' dir='ltr'><strong>virtutem:</strong></span> <span class='ocrx_word' id='word_1_80' title='bbox 425 1296 494 1339; x_wconf 93' lang='lat' dir='ltr'><strong>nam</strong></span> <span class='ocrx_word' id='word_1_81' title='bbox 507 1280 540 1340; x_wconf 89' lang='lat' dir='ltr'><strong>in</strong></span> <span class='ocrx_word' id='word_1_82' title='bbox 553 1276 730 1358; x_wconf 90' lang='lat' dir='ltr'><strong>quibusdam</strong></span> <span class='ocrx_word' id='word_1_83' title='bbox 740 1286 878 1340; x_wconf 89' lang='lat' dir='ltr'><strong>austerus</strong></span> <span class='ocrx_word' id='word_1_84' title='bbox 888 1296 986 1362; x_wconf 87' lang='lat' dir='ltr'><strong>sapor,</strong></span> <span class='ocrx_word' id='word_1_85' title='bbox 1000 1281 1032 1340; x_wconf 92' lang='lat' dir='ltr'><strong>in</strong></span> <span class='ocrx_word' id='word_1_86' title='bbox 1046 1276 1168 1359; x_wconf 78' lang='lat' dir='ltr'><strong>qulbus-¹⁰</strong></span> 
     </span>
     <span class='ocr_line' id='line_1_13' title="bbox 258 1364 1144 1450; baseline -0.003 -24"><span class='ocrx_word' id='word_1_87' title='bbox 258 1366 446 1450; x_wconf 85' lang='lat' dir='ltr'><strong>damacidus,</strong></span> <span class='ocrx_word' id='word_1_88' title='bbox 456 1368 487 1427; x_wconf 93' lang='lat' dir='ltr'><strong>in</strong></span> <span class='ocrx_word' id='word_1_89' title='bbox 497 1364 675 1447; x_wconf 87' lang='lat' dir='ltr'><strong>quibusdam</strong></span> <span class='ocrx_word' id='word_1_90' title='bbox 685 1367 780 1429; x_wconf 92' lang='lat' dir='ltr'><strong>dulcis</strong></span> <span class='ocrx_word' id='word_1_91' title='bbox 790 1375 923 1446; x_wconf 83' lang='lat' dir='ltr'><strong>apparet:</strong></span> <span class='ocrx_word' id='word_1_92' title='bbox 941 1368 1042 1429; x_wconf 89' lang='lat' dir='ltr'><strong>etvult</strong></span> <span class='ocrx_word' id='word_1_93' title='bbox 1051 1373 1144 1428; x_wconf 84' lang='lat' dir='ltr'><strong>austera</strong></span> 
     </span>
     <span class='ocr_line' id='line_1_14' title="bbox 258 1452 1143 1536; baseline -0.006 -21"><span class='ocrx_word' id='word_1_94' title='bbox 258 1455 294 1515; x_wconf 95' lang='lat' dir='ltr'><strong>ad</strong></span> <span class='ocrx_word' id='word_1_95' title='bbox 309 1452 366 1516; x_wconf 88' lang='lat' dir='ltr'><strong>hoc</strong></span> <span class='ocrx_word' id='word_1_96' title='bbox 376 1456 474 1517; x_wconf 83' lang='lat' dir='ltr'><strong>valere</strong></span> <span class='ocrx_word' id='word_1_97' title='bbox 484 1463 662 1517; x_wconf 82' lang='lat' dir='ltr'><strong>utrentrem</strong></span> <span class='ocrx_word' id='word_1_98' title='bbox 676 1456 889 1536; x_wconf 78' lang='lat' dir='ltr'><strong>constringant,</strong></span> <span class='ocrx_word' id='word_1_99' title='bbox 903 1456 1085 1518; x_wconf 87' lang='lat' dir='ltr'><strong>stomachum</strong></span> <span class='ocrx_word' id='word_1_100' title='bbox 1093 1466 1143 1512; x_wconf 86' lang='lat' dir='ltr'><strong>vero</strong></span> 
     </span>
     <span class='ocr_line' id='line_1_15' title="bbox 172 1543 1143 1634; baseline -0.004 -32"><span class='ocrx_word' id='word_1_101' title='bbox 172 1618 179 1634; x_wconf 36' lang='grc' dir='ltr'>ι</span> <span class='ocrx_word' id='word_1_102' title='bbox 259 1543 443 1605; x_wconf 85' lang='lat' dir='ltr'><strong>confirment.</strong></span> <span class='ocrx_word' id='word_1_103' title='bbox 476 1544 559 1604; x_wconf 90' lang='lat' dir='ltr'><strong>acida</strong></span> <span class='ocrx_word' id='word_1_104' title='bbox 578 1545 689 1606; x_wconf 89' lang='lat' dir='ltr'><strong>iudicat</strong></span> <span class='ocrx_word' id='word_1_105' title='bbox 711 1544 848 1624; x_wconf 76' lang='lat' dir='ltr'><strong>flegmate</strong></span> <span class='ocrx_word' id='word_1_106' title='bbox 867 1543 1083 1629; x_wconf 82' lang='lat' dir='ltr'><strong>abundantibus</strong></span> <span class='ocrx_word' id='word_1_107' title='bbox 1101 1547 1143 1601; x_wconf 89' lang='lat' dir='ltr'><strong>sto·</strong></span> 
     </span>
     <span class='ocr_line' id='line_1_16' title="bbox 258 1630 1144 1713; baseline -0.006 -22"><span class='ocrx_word' id='word_1_108' title='bbox 258 1630 370 1691; x_wconf 89' lang='lat' dir='ltr'><strong>machis</strong></span> <span class='ocrx_word' id='word_1_109' title='bbox 385 1636 545 1712; x_wconf 80' lang='lat' dir='ltr'><strong>oportuna:</strong></span> <span class='ocrx_word' id='word_1_110' title='bbox 569 1649 637 1693; x_wconf 89' lang='lat' dir='ltr'><strong>nam</strong></span> <span class='ocrx_word' id='word_1_111' title='bbox 651 1635 743 1713; x_wconf 77' lang='lat' dir='ltr'><strong>magis</strong></span> <span class='ocrx_word' id='word_1_112' title='bbox 758 1636 873 1693; x_wconf 87' lang='lat' dir='ltr'><strong>siccant</strong></span> <span class='ocrx_word' id='word_1_113' title='bbox 890 1639 922 1693; x_wconf 90' lang='lat' dir='ltr'><strong>et</strong></span> <span class='ocrx_word' id='word_1_114' title='bbox 940 1632 1144 1695; x_wconf 89' lang='lat' dir='ltr'><strong>crassitudinem</strong></span> 
     </span>
     <span class='ocr_line' id='line_1_17' title="bbox 158 1712 1167 1784; baseline -0.003 -5"><span class='ocrx_word' id='word_1_115' title='bbox 158 1736 160 1741; x_wconf 91' lang='lat'>·</span> <span class='ocrx_word' id='word_1_116' title='bbox 236 1719 406 1780; x_wconf 89' lang='lat' dir='ltr'><strong>densioris</strong></span> <span class='ocrx_word' id='word_1_117' title='bbox 428 1722 542 1782; x_wconf 88' lang='lat' dir='ltr'><strong>umoris</strong></span> <span class='ocrx_word' id='word_1_118' title='bbox 564 1720 708 1783; x_wconf 89' lang='lat' dir='ltr'><strong>incidunt.</strong></span> <span class='ocrx_word' id='word_1_119' title='bbox 745 1721 842 1782; x_wconf 89' lang='lat' dir='ltr'><strong>dulcia</strong></span> <span class='ocrx_word' id='word_1_120' title='bbox 870 1722 1023 1784; x_wconf 90' lang='lat' dir='ltr'><strong>stomacho</strong></span> <span class='ocrx_word' id='word_1_121' title='bbox 1046 1712 1167 1784; x_wconf 68' lang='lat' dir='ltr'><strong>adversall</strong></span> 
     </span>
     <span class='ocr_line' id='line_1_18' title="bbox 187 1801 1143 1890; baseline 0.003 -21"><span class='ocrx_word' id='word_1_122' title='bbox 187 1802 226 1859; x_wconf 87' lang='lat' dir='ltr'><strong>D·</strong></span> <span class='ocrx_word' id='word_1_123' title='bbox 262 1810 445 1889; x_wconf 84' lang='lat' dir='ltr'><strong>pronuntiat,</strong></span> <span class='ocrx_word' id='word_1_124' title='bbox 459 1811 548 1871; x_wconf 90' lang='lat' dir='ltr'><strong>citius</strong></span> <span class='ocrx_word' id='word_1_125' title='bbox 561 1817 661 1871; x_wconf 88' lang='lat' dir='ltr'><strong>tamen</strong></span> <span class='ocrx_word' id='word_1_126' title='bbox 674 1828 730 1890; x_wconf 88' lang='lat' dir='ltr'><strong>per</strong></span> <span class='ocrx_word' id='word_1_127' title='bbox 742 1811 883 1871; x_wconf 88' lang='lat' dir='ltr'><strong>intestina</strong></span> <span class='ocrx_word' id='word_1_128' title='bbox 893 1809 1035 1872; x_wconf 87' lang='lat' dir='ltr'><strong>defluere.</strong></span> <span class='ocrx_word' id='word_1_129' title='bbox 1056 1801 1143 1890; x_wconf 70' lang='lat' dir='ltr'><strong>gamul</strong></span> 
     </span>
    </p>
   </div>
   <div class='ocr_carea' id='block_1_4' title="bbox 151 1874 1141 2001">
    <p class='ocr_par' dir='ltr' id='par_1_4' title="bbox 151 1874 1141 2001">
     <span class='ocr_line' id='line_1_19' title="bbox 151 1874 1141 2001; baseline 0.014 -51"><span class='ocrx_word' id='word_1_130' title='bbox 151 1874 347 2001; x_wconf 53' lang='lat' dir='ltr'><strong>bvfflquod</strong></span> <span class='ocrx_word' id='word_1_131' title='bbox 366 1900 493 1961; x_wconf 86' lang='lat' dir='ltr'><strong>truncus</strong></span> <span class='ocrx_word' id='word_1_132' title='bbox 511 1898 689 1979; x_wconf 88' lang='lat' dir='ltr'><strong>inlacrimat,</strong></span> <span class='ocrx_word' id='word_1_133' title='bbox 709 1905 897 1978; x_wconf 81' lang='lat' dir='ltr'><strong>exasperatas</strong></span> <span class='ocrx_word' id='word_1_134' title='bbox 915 1901 1039 1960; x_wconf 80' lang='lat' dir='ltr'><strong>arterias</strong></span> <span class='ocrx_word' id='word_1_135' title='bbox 1057 1897 1141 1977; x_wconf 72' lang='lat' dir='ltr'><strong>optino</strong></span> 
     </span>
    </p>
   </div>
   <div class='ocr_carea' id='block_1_5' title="bbox 184 2123 1168 2712">
    <p class='ocr_par' dir='ltr' id='par_1_5' title="bbox 184 2123 1168 2712">
     <span class='ocr_line' id='line_1_20' title="bbox 184 2123 1142 2203; baseline -0.005 -15"><span class='ocrx_word' id='word_1_136' title='bbox 184 2133 240 2203; x_wconf 72' lang='lat'><em>(81)</em></span> <span class='ocrx_word' id='word_1_137' title='bbox 323 2126 412 2185; x_wconf 80' lang='lat' dir='ltr'><strong>Gerasi</strong></span> <span class='ocrx_word' id='word_1_138' title='bbox 434 2127 518 2186; x_wconf 69' lang='lat' dir='ltr'><strong>uiride</strong></span> <span class='ocrx_word' id='word_1_139' title='bbox 541 2145 651 2202; x_wconf 90' lang='lat' dir='ltr'><strong>pomum</strong></span> <span class='ocrx_word' id='word_1_140' title='bbox 673 2138 795 2186; x_wconf 87' lang='lat' dir='ltr'><strong>ventrem</strong></span> <span class='ocrx_word' id='word_1_141' title='bbox 817 2128 957 2187; x_wconf 86' lang='lat' dir='ltr'><strong>humectat</strong></span> <span class='ocrx_word' id='word_1_142' title='bbox 979 2137 1007 2186; x_wconf 91' lang='lat' dir='ltr'><strong>et</strong></span> <span class='ocrx_word' id='word_1_143' title='bbox 1028 2123 1142 2203; x_wconf 67' lang='lat' dir='ltr'><strong>provocat,</strong></span> 
     </span>
     <span class='ocr_line' id='line_1_21' title="bbox 259 2208 1141 2272; baseline 0 -5"><span class='ocrx_word' id='word_1_144' title='bbox 259 2211 362 2268; x_wconf 87' lang='lat' dir='ltr'><strong>aridum</strong></span> <span class='ocrx_word' id='word_1_145' title='bbox 390 2214 474 2270; x_wconf 88' lang='lat' dir='ltr'><strong>siccat</strong></span> <span class='ocrx_word' id='word_1_146' title='bbox 500 2222 529 2269; x_wconf 89' lang='lat' dir='ltr'><strong>et</strong></span> <span class='ocrx_word' id='word_1_147' title='bbox 555 2213 669 2270; x_wconf 83' lang='lat' dir='ltr'><strong>detinet.</strong></span> <span class='ocrx_word' id='word_1_148' title='bbox 710 2214 795 2270; x_wconf 87' lang='lat' dir='ltr'><strong>viride</strong></span> <span class='ocrx_word' id='word_1_149' title='bbox 821 2215 964 2272; x_wconf 88' lang='lat' dir='ltr'><strong>stomacho</strong></span> <span class='ocrx_word' id='word_1_150' title='bbox 992 2208 1141 2270; x_wconf 82' lang='lat' dir='ltr'><strong>contrarium</strong></span> 
     </span>
     <span class='ocr_line' id='line_1_22' title="bbox 259 2285 1168 2372; baseline -0.007 -20"><span class='ocrx_word' id='word_1_151' title='bbox 259 2298 360 2354; x_wconf 86' lang='lat' dir='ltr'><strong>siccum</strong></span> <span class='ocrx_word' id='word_1_152' title='bbox 375 2296 453 2356; x_wconf 88' lang='lat' dir='ltr'><strong>utile.</strong></span> <span class='ocrx_word' id='word_1_153' title='bbox 483 2299 510 2353; x_wconf 93' lang='lat' dir='ltr'><strong>in</strong></span> <span class='ocrx_word' id='word_1_154' title='bbox 526 2298 579 2355; x_wconf 90' lang='lat' dir='ltr'><strong>boc</strong></span> <span class='ocrx_word' id='word_1_155' title='bbox 593 2314 675 2372; x_wconf 90' lang='lat' dir='ltr'><strong>pomo</strong></span> <span class='ocrx_word' id='word_1_156' title='bbox 688 2305 744 2354; x_wconf 85' lang='lat' dir='ltr'><strong>tres</strong></span> <span class='ocrx_word' id='word_1_157' title='bbox 758 2299 848 2354; x_wconf 83' lang='lat' dir='ltr'><strong>inesse</strong></span> <span class='ocrx_word' id='word_1_158' title='bbox 859 2299 990 2355; x_wconf 84' lang='lat' dir='ltr'><strong>virtutes:</strong></span> <span class='ocrx_word' id='word_1_159' title='bbox 1012 2299 1040 2354; x_wconf 89' lang='lat' dir='ltr'><strong>in</strong></span> <span class='ocrx_word' id='word_1_160' title='bbox 1055 2285 1168 2370; x_wconf 80' lang='lat' dir='ltr'><strong>quiin-¹·</strong></span> 
     </span>
     <span class='ocr_line' id='line_1_23' title="bbox 259 2365 1142 2457; baseline -0.002 -20"><span class='ocrx_word' id='word_1_161' title='bbox 259 2381 320 2437; x_wconf 89' lang='lat' dir='ltr'><strong>dam</strong></span> <span class='ocrx_word' id='word_1_162' title='bbox 342 2390 469 2440; x_wconf 84' lang='lat' dir='ltr'><strong>austerus</strong></span> <span class='ocrx_word' id='word_1_163' title='bbox 491 2398 587 2457; x_wconf 84' lang='lat' dir='ltr'><strong>sapor,</strong></span> <span class='ocrx_word' id='word_1_164' title='bbox 610 2383 638 2438; x_wconf 93' lang='lat' dir='ltr'><strong>in</strong></span> <span class='ocrx_word' id='word_1_165' title='bbox 659 2381 719 2438; x_wconf 89' lang='lat' dir='ltr'><strong>aliis</strong></span> <span class='ocrx_word' id='word_1_166' title='bbox 741 2382 849 2454; x_wconf 84' lang='lat' dir='ltr'><strong>acidus,</strong></span> <span class='ocrx_word' id='word_1_167' title='bbox 877 2383 905 2438; x_wconf 93' lang='lat' dir='ltr'><strong>in</strong></span> <span class='ocrx_word' id='word_1_168' title='bbox 928 2381 1084 2457; x_wconf 87' lang='lat' dir='ltr'><strong>quibusdam</strong></span> <span class='ocrx_word' id='word_1_169' title='bbox 1100 2365 1142 2429; x_wconf 74' lang='lat' dir='ltr'><strong>dil·</strong></span> 
     </span>
     <span class='ocr_line' id='line_1_24' title="bbox 260 2457 1143 2541; baseline -0.003 -20"><span class='ocrx_word' id='word_1_170' title='bbox 260 2466 308 2522; x_wconf 83' lang='lat' dir='ltr'><strong>eis.</strong></span> <span class='ocrx_word' id='word_1_171' title='bbox 338 2474 446 2524; x_wconf 87' lang='lat' dir='ltr'><strong>austera</strong></span> <span class='ocrx_word' id='word_1_172' title='bbox 462 2476 583 2523; x_wconf 84' lang='lat' dir='ltr'><strong>ventrem</strong></span> <span class='ocrx_word' id='word_1_173' title='bbox 604 2467 791 2541; x_wconf 76' lang='lat' dir='ltr'><strong>restringunt,</strong></span> <span class='ocrx_word' id='word_1_174' title='bbox 813 2467 984 2524; x_wconf 85' lang='lat' dir='ltr'><strong>stomachum</strong></span> <span class='ocrx_word' id='word_1_175' title='bbox 999 2457 1143 2524; x_wconf 76' lang='lat' dir='ltr'><strong>connum·</strong></span> 
     </span>
     <span class='ocr_line' id='line_1_25' title="bbox 260 2549 1142 2633; baseline -0.005 -28"><span class='ocrx_word' id='word_1_176' title='bbox 260 2550 335 2608; x_wconf 87' lang='lat' dir='ltr'><strong>acida</strong></span> <span class='ocrx_word' id='word_1_177' title='bbox 356 2552 456 2610; x_wconf 88' lang='lat' dir='ltr'><strong>iudicat</strong></span> <span class='ocrx_word' id='word_1_178' title='bbox 483 2551 611 2627; x_wconf 79' lang='lat' dir='ltr'><strong>flegmate</strong></span> <span class='ocrx_word' id='word_1_179' title='bbox 632 2549 830 2614; x_wconf 86' lang='lat' dir='ltr'><strong>abundantibus</strong></span> <span class='ocrx_word' id='word_1_180' title='bbox 852 2551 992 2609; x_wconf 85' lang='lat' dir='ltr'><strong>stomacho</strong></span> <span class='ocrx_word' id='word_1_181' title='bbox 1021 2549 1142 2633; x_wconf 49' lang='lat' dir='ltr'><strong>oportuni*</strong></span> 
     </span>
     <span class='ocr_line' id='line_1_26' title="bbox 259 2633 1143 2712; baseline -0.003 -22"><span class='ocrx_word' id='word_1_182' title='bbox 259 2651 320 2692; x_wconf 88' lang='lat' dir='ltr'><strong>nam</strong></span> <span class='ocrx_word' id='word_1_183' title='bbox 348 2637 433 2712; x_wconf 77' lang='lat' dir='ltr'><strong>magis</strong></span> <span class='ocrx_word' id='word_1_184' title='bbox 463 2638 566 2694; x_wconf 88' lang='lat' dir='ltr'><strong>siccant</strong></span> <span class='ocrx_word' id='word_1_185' title='bbox 593 2642 622 2694; x_wconf 91' lang='lat' dir='ltr'><strong>et</strong></span> <span class='ocrx_word' id='word_1_186' title='bbox 648 2635 855 2693; x_wconf 86' lang='lat' dir='ltr'><strong>crassitudinem</strong></span> <span class='ocrx_word' id='word_1_187' title='bbox 883 2635 1018 2693; x_wconf 87' lang='lat' dir='ltr'><strong>densioris</strong></span> <span class='ocrx_word' id='word_1_188' title='bbox 1045 2633 1143 2691; x_wconf 73' lang='lat' dir='ltr'><strong>bunut</strong></span> 
     </span>
    </p>
   </div>
   <div class='ocr_carea' id='block_1_6' title="bbox 153 2869 1184 3441">
    <p class='ocr_par' dir='ltr' id='par_1_6' title="bbox 153 2869 1184 3085">
     <span class='ocr_line' id='line_1_27' title="bbox 223 2869 1184 2950; baseline 0 -25"><span class='ocrx_word' id='word_1_189' title='bbox 223 2873 266 2927; x_wconf 84' lang='lat' dir='ltr'><strong>tit.</strong></span> <span class='ocrx_word' id='word_1_190' title='bbox 291 2872 398 2928; x_wconf 82' lang='lat' dir='ltr'><strong>ceronio</strong></span> <span class='ocrx_word' id='word_1_191' title='bbox 416 2873 530 2944; x_wconf 79' lang='lat' dir='ltr'><strong>pcl(r):</strong></span> <span class='ocrx_word' id='word_1_192' title='bbox 558 2889 653 2929; x_wconf 80' lang='lat' dir='ltr'><strong>ceraso</strong></span> <span class='ocrx_word' id='word_1_193' title='bbox 672 2874 697 2930; x_wconf 91' lang='lat' dir='ltr'><strong>b.</strong></span> <span class='ocrx_word' id='word_1_194' title='bbox 771 2871 896 2927; x_wconf 82' lang='lat' dir='ltr'><strong>iviride</strong></span> <span class='ocrx_word' id='word_1_195' title='bbox 917 2872 985 2942; x_wconf 75' lang='lat' dir='ltr'><strong>poi:</strong></span> <span class='ocrx_word' id='word_1_196' title='bbox 1014 2873 1068 2928; x_wconf 79' lang='lat' dir='ltr'><strong>dis</strong></span> <span class='ocrx_word' id='word_1_197' title='bbox 1084 2869 1122 2950; x_wconf 70' lang='lat' dir='ltr'><strong>rh.</strong></span> <span class='ocrx_word' id='word_1_198' title='bbox 1182 2940 1184 2945; x_wconf 21' lang='grc' dir='ltr'>Ι</span> 
     </span>
     <span class='ocr_line' id='line_1_28' title="bbox 153 2938 1184 3014; baseline 0.001 -18"><span class='ocrx_word' id='word_1_199' title='bbox 153 2941 345 3012; x_wconf 71' lang='lat' dir='ltr'><strong>acccipiatur</strong></span> <span class='ocrx_word' id='word_1_200' title='bbox 362 2945 589 3014; x_wconf 71' lang='lat' dir='ltr'><strong>dicthocrb.</strong></span> <span class='ocrx_word' id='word_1_201' title='bbox 645 2945 947 3014; x_wconf 76' lang='lat' dir='ltr'><strong>4etpcld:om.rb.</strong></span> <span class='ocrx_word' id='word_1_202' title='bbox 1003 2938 1184 3011; x_wconf 60' lang='lat' dir='ltr'><strong>samoni</strong></span> 
     </span>
     <span class='ocr_line' id='line_1_29' title="bbox 154 3010 1147 3085; baseline -0.003 -16"><span class='ocrx_word' id='word_1_203' title='bbox 154 3029 172 3069; x_wconf 80' lang='lat' dir='ltr'><strong>a</strong></span> <span class='ocrx_word' id='word_1_204' title='bbox 190 3013 358 3083; x_wconf 83' lang='lat' dir='ltr'><strong>quibusdam</strong></span> <span class='ocrx_word' id='word_1_205' title='bbox 376 3013 444 3070; x_wconf 85' lang='lat' dir='ltr'><strong>sid.</strong></span> <span class='ocrx_word' id='word_1_206' title='bbox 499 3022 515 3071; x_wconf 86' lang='grc'><strong>6</strong></span> <span class='ocrx_word' id='word_1_207' title='bbox 535 3032 558 3070; x_wconf 92' lang='lat' dir='ltr'><strong>o.</strong></span> <span class='ocrx_word' id='word_1_208' title='bbox 578 3033 598 3072; x_wconf 88' lang='lat' dir='ltr'><strong>s.</strong></span> <span class='ocrx_word' id='word_1_209' title='bbox 618 3034 645 3071; x_wconf 90' lang='lat' dir='ltr'><strong>n.</strong></span> <span class='ocrx_word' id='word_1_210' title='bbox 664 3015 851 3085; x_wconf 82' lang='lat' dir='ltr'><strong>accipiantur,</strong></span> <span class='ocrx_word' id='word_1_211' title='bbox 869 3017 930 3069; x_wconf 85' lang='lat' dir='ltr'><strong>tam</strong></span> <span class='ocrx_word' id='word_1_212' title='bbox 949 3029 972 3069; x_wconf 90' lang='lat' dir='ltr'><strong>o.</strong></span> <span class='ocrx_word' id='word_1_213' title='bbox 992 3014 1086 3072; x_wconf 77' lang='lat' dir='ltr'><strong>ulrum</strong></span> <span class='ocrx_word' id='word_1_214' title='bbox 1102 3010 1124 3066; x_wconf 87' lang='lat' dir='ltr'><strong>d.</strong></span> <span class='ocrx_word' id='word_1_215' title='bbox 1143 3068 1147 3080; x_wconf 66' lang='grc'><strong>,</strong></span> 
     </span>
    </p>

    <p class='ocr_par' dir='ltr' id='par_1_7' title="bbox 153 3074 1156 3441">
     <span class='ocr_line' id='line_1_30' title="bbox 154 3074 1149 3156; baseline -0.002 -18"><span class='ocrx_word' id='word_1_216' title='bbox 154 3091 169 3139; x_wconf 72' lang='lat' dir='ltr'><strong>l</strong></span> <span class='ocrx_word' id='word_1_217' title='bbox 188 3085 286 3141; x_wconf 88' lang='lat' dir='ltr'><strong>morbo</strong></span> <span class='ocrx_word' id='word_1_218' title='bbox 304 3085 490 3156; x_wconf 81' lang='lat' dir='ltr'><strong>in(im)pliciti</strong></span> <span class='ocrx_word' id='word_1_219' title='bbox 513 3087 582 3141; x_wconf 80' lang='lat' dir='ltr'><strong>oid:</strong></span> <span class='ocrx_word' id='word_1_220' title='bbox 609 3085 702 3141; x_wconf 89' lang='lat' dir='ltr'><strong>morbi</strong></span> <span class='ocrx_word' id='word_1_221' title='bbox 718 3085 841 3155; x_wconf 87' lang='lat' dir='ltr'><strong>inpliciti</strong></span> <span class='ocrx_word' id='word_1_222' title='bbox 857 3101 888 3154; x_wconf 79' lang='lat' dir='ltr'><strong>p,</strong></span> <span class='ocrx_word' id='word_1_223' title='bbox 912 3085 1012 3141; x_wconf 84' lang='lat' dir='ltr'><strong>morbo</strong></span> <span class='ocrx_word' id='word_1_224' title='bbox 1030 3074 1149 3154; x_wconf 76' lang='lat' dir='ltr'><strong>implicet</strong></span> 
     </span>
     <span class='ocr_line' id='line_1_31' title="bbox 153 3155 1151 3229; baseline -0.002 -17"><span class='ocrx_word' id='word_1_225' title='bbox 153 3157 198 3212; x_wconf 83' lang='lat' dir='ltr'><strong>rb.</strong></span> <span class='ocrx_word' id='word_1_226' title='bbox 215 3159 219 3225; x_wconf 83' lang='grc' dir='ltr'>Ι</span> <span class='ocrx_word' id='word_1_227' title='bbox 236 3155 326 3212; x_wconf 85' lang='lat' dir='ltr'><strong>Fit-</strong></span> <span class='ocrx_word' id='word_1_228' title='bbox 337 3161 392 3229; x_wconf 78' lang='lat' dir='ltr'><strong>(lt)</strong></span> <span class='ocrx_word' id='word_1_229' title='bbox 416 3157 536 3213; x_wconf 84' lang='lat' dir='ltr'><strong>defluere</strong></span> <span class='ocrx_word' id='word_1_230' title='bbox 555 3174 606 3212; x_wconf 75' lang='lat' dir='ltr'><strong>oin.</strong></span> <span class='ocrx_word' id='word_1_231' title='bbox 619 3159 647 3213; x_wconf 86' lang='lat' dir='ltr'><strong>d.</strong></span> <span class='ocrx_word' id='word_1_232' title='bbox 715 3163 731 3212; x_wconf 92' lang='lat'>8</span> <span class='ocrx_word' id='word_1_233' title='bbox 750 3157 930 3212; x_wconf 82' lang='lat' dir='ltr'><strong>diaceraseon</strong></span> <span class='ocrx_word' id='word_1_234' title='bbox 946 3158 1048 3228; x_wconf 80' lang='lat' dir='ltr'><strong>po(b)‚</strong></span> <span class='ocrx_word' id='word_1_235' title='bbox 1070 3155 1151 3225; x_wconf 65' lang='lat' dir='ltr'><strong>tyno</strong></span> 
     </span>
     <span class='ocr_line' id='line_1_32' title="bbox 153 3227 1153 3298; baseline 0 -16"><span class='ocrx_word' id='word_1_236' title='bbox 153 3243 254 3283; x_wconf 78' lang='lat' dir='ltr'><strong>roseon</strong></span> <span class='ocrx_word' id='word_1_237' title='bbox 271 3228 339 3298; x_wconf 66' lang='grc' dir='ltr'><strong>Ην).</strong></span> <span class='ocrx_word' id='word_1_238' title='bbox 361 3232 366 3298; x_wconf 78' lang='lat' dir='ltr'><strong>l</strong></span> <span class='ocrx_word' id='word_1_239' title='bbox 391 3228 507 3284; x_wconf 80' lang='lat' dir='ltr'><strong>Gahono</strong></span> <span class='ocrx_word' id='word_1_240' title='bbox 526 3229 571 3283; x_wconf 81' lang='lat' dir='ltr'><strong>hic</strong></span> <span class='ocrx_word' id='word_1_241' title='bbox 587 3229 647 3298; x_wconf 79' lang='lat' dir='ltr'><strong>pc(</strong></span> <span class='ocrx_word' id='word_1_242' title='bbox 662 3231 682 3296; x_wconf 91' lang='lat'><strong>).</strong></span> <span class='ocrx_word' id='word_1_243' title='bbox 741 3233 757 3282; x_wconf 83' lang='lat'>9</span> <span class='ocrx_word' id='word_1_244' title='bbox 776 3244 832 3283; x_wconf 92' lang='lat' dir='ltr'><strong>non</strong></span> <span class='ocrx_word' id='word_1_245' title='bbox 855 3228 885 3282; x_wconf 88' lang='lat' dir='ltr'><strong>in</strong></span> <span class='ocrx_word' id='word_1_246' title='bbox 903 3227 1034 3282; x_wconf 86' lang='lat' dir='ltr'><strong>omnihus</strong></span> <span class='ocrx_word' id='word_1_247' title='bbox 1052 3245 1074 3283; x_wconf 90' lang='lat' dir='ltr'><strong>c.</strong></span> <span class='ocrx_word' id='word_1_248' title='bbox 1092 3231 1153 3296; x_wconf 74' lang='lat' dir='ltr'><strong>poni</strong></span> 
     </span>
     <span class='ocr_line' id='line_1_33' title="bbox 153 3296 1154 3377; baseline -0.005 -22"><span class='ocrx_word' id='word_1_249' title='bbox 153 3301 214 3370; x_wconf 80' lang='lat' dir='ltr'><strong>(oio)</strong></span> <span class='ocrx_word' id='word_1_250' title='bbox 238 3317 323 3355; x_wconf 88' lang='lat' dir='ltr'><strong>unam</strong></span> <span class='ocrx_word' id='word_1_251' title='bbox 342 3316 401 3377; x_wconf 72' lang='lat' dir='ltr'><strong>esse</strong></span> <span class='ocrx_word' id='word_1_252' title='bbox 418 3318 446 3355; x_wconf 86' lang='lat' dir='ltr'><strong>v.</strong></span> <span class='ocrx_word' id='word_1_253' title='bbox 464 3301 508 3355; x_wconf 82' lang='lat' dir='ltr'><strong>rb.</strong></span> <span class='ocrx_word' id='word_1_254' title='bbox 574 3305 607 3354; x_wconf 78' lang='lat'><strong>12</strong></span> <span class='ocrx_word' id='word_1_255' title='bbox 626 3315 693 3355; x_wconf 82' lang='lat' dir='ltr'><strong>vero</strong></span> <span class='ocrx_word' id='word_1_256' title='bbox 710 3301 756 3369; x_wconf 76' lang='lat' dir='ltr'><strong>pt:</strong></span> <span class='ocrx_word' id='word_1_257' title='bbox 779 3314 829 3354; x_wconf 82' lang='lat' dir='ltr'><strong>om.</strong></span> <span class='ocrx_word' id='word_1_258' title='bbox 848 3298 894 3353; x_wconf 84' lang='lat' dir='ltr'><strong>rb.</strong></span> <span class='ocrx_word' id='word_1_259' title='bbox 954 3304 988 3352; x_wconf 79' lang='lat'><strong>18</strong></span> <span class='ocrx_word' id='word_1_260' title='bbox 1007 3296 1154 3355; x_wconf 80' lang='lat' dir='ltr'><strong>habundat·</strong></span> 
     </span>
     <span class='ocr_line' id='line_1_34' title="bbox 154 3364 1156 3441; baseline -0.004 -17"><span class='ocrx_word' id='word_1_261' title='bbox 154 3369 230 3425; x_wconf 83' lang='lat' dir='ltr'><strong>tibus</strong></span> <span class='ocrx_word' id='word_1_262' title='bbox 248 3388 295 3441; x_wconf 80' lang='lat' dir='ltr'><strong>po.</strong></span> <span class='ocrx_word' id='word_1_263' title='bbox 319 3373 323 3440; x_wconf 91' lang='grc'>1</span> <span class='ocrx_word' id='word_1_264' title='bbox 349 3370 501 3427; x_wconf 83' lang='lat' dir='ltr'><strong>stomachis</strong></span> <span class='ocrx_word' id='word_1_265' title='bbox 520 3365 743 3441; x_wconf 72' lang='grc' dir='ltr'><strong><em>(φλεγματώδεσι</em></strong></span> <span class='ocrx_word' id='word_1_266' title='bbox 763 3410 813 3424; x_wconf 88' lang='grc'><strong>...</strong></span> <span class='ocrx_word' id='word_1_267' title='bbox 833 3364 983 3440; x_wconf 70' lang='grc' dir='ltr'><strong><em>στομάχοῐς</em></strong></span> <span class='ocrx_word' id='word_1_268' title='bbox 1002 3369 1089 3437; x_wconf 66' lang='lat' dir='ltr'><strong>Gall:</strong></span> <span class='ocrx_word' id='word_1_269' title='bbox 1111 3369 1156 3422; x_wconf 83' lang='lat' dir='ltr'><strong>sto·</strong></span> 
     </span>
    </p>
   </div>
   <div class='ocr_carea' id='block_1_7' title="bbox 154 3440 1155 3568">
    <p class='ocr_par' dir='ltr' id='par_1_8' title="bbox 154 3440 1155 3568">
     <span class='ocr_line' id='line_1_35' title="bbox 154 3440 1155 3568; baseline 0.001 -73"><span class='ocrx_word' id='word_1_270' title='bbox 154 3442 255 3497; x_wconf 83' lang='lat' dir='ltr'><strong>macho</strong></span> <span class='ocrx_word' id='word_1_271' title='bbox 268 3444 323 3512; x_wconf 80' lang='lat' dir='ltr'><strong>pul</strong></span> <span class='ocrx_word' id='word_1_272' title='bbox 332 3443 398 3513; x_wconf 87' lang='lat' dir='ltr'><strong>(rh).</strong></span> <span class='ocrx_word' id='word_1_273' title='bbox 434 3448 467 3501; x_wconf 81' lang='lat'><strong>14</strong></span> <span class='ocrx_word' id='word_1_274' title='bbox 477 3443 617 3568; x_wconf 81' lang='lat' dir='ltr'><strong>oportuna</strong></span> <span class='ocrx_word' id='word_1_275' title='bbox 628 3458 676 3513; x_wconf 81' lang='lat' dir='ltr'><strong>pc.</strong></span> <span class='ocrx_word' id='word_1_276' title='bbox 715 3446 747 3496; x_wconf 80' lang='lat'><strong>15</strong></span> <span class='ocrx_word' id='word_1_277' title='bbox 757 3440 896 3496; x_wconf 85' lang='lat' dir='ltr'><strong>incidunt:</strong></span> <span class='ocrx_word' id='word_1_278' title='bbox 915 3441 968 3495; x_wconf 75' lang='lat' dir='ltr'><strong>col</strong></span> <span class='ocrx_word' id='word_1_279' title='bbox 978 3460 1005 3495; x_wconf 78' lang='grc' dir='ltr'><strong>τι</strong></span> <span class='ocrx_word' id='word_1_280' title='bbox 1015 3440 1064 3496; x_wconf 73' lang='lat' dir='ltr'><strong>nol</strong></span> <span class='ocrx_word' id='word_1_281' title='bbox 1077 3454 1155 3511; x_wconf 64' lang='lat' dir='ltr'><strong>epatu</strong></span> 
     </span>
    </p>
   </div>
   <div class='ocr_carea' id='block_1_8' title="bbox 154 3508 626 3584">
    <p class='ocr_par' dir='ltr' id='par_1_9' title="bbox 154 3508 626 3584">
     <span class='ocr_line' id='line_1_36' title="bbox 154 3508 626 3584; baseline 0.013 -21"><span class='ocrx_word' id='word_1_282' title='bbox 154 3508 207 3564; x_wconf 72' lang='lat' dir='ltr'><strong>uto</strong></span> <span class='ocrx_word' id='word_1_283' title='bbox 226 3509 284 3582; x_wconf 76' lang='grc' dir='ltr'><strong>ἔχει</strong></span> <span class='ocrx_word' id='word_1_284' title='bbox 303 3513 366 3569; x_wconf 73' lang='lat' dir='ltr'><strong>(iat.</strong></span> <span class='ocrx_word' id='word_1_285' title='bbox 422 3519 456 3568; x_wconf 75' lang='lat'><strong>1⁷</strong></span> <span class='ocrx_word' id='word_1_286' title='bbox 477 3530 493 3569; x_wconf 88' lang='grc' dir='ltr'>ο</span> <span class='ocrx_word' id='word_1_287' title='bbox 513 3513 582 3569; x_wconf 77' lang='lat' dir='ltr'><strong>bime</strong></span> <span class='ocrx_word' id='word_1_288' title='bbox 600 3529 626 3584; x_wconf 73' lang='lat'><strong>9.</strong></span> 
     </span>
    </p>
   </div>
   <div class='ocr_carea' id='block_1_9' title="bbox 0 0 1204 3796">
    <p class='ocr_par' dir='ltr' id='par_1_10' title="bbox 0 0 1204 3796">
     <span class='ocr_line' id='line_1_37' title="bbox 0 0 1204 3796; baseline 0 0"><span class='ocrx_word' id='word_1_289' title='bbox 0 0 1204 3796; x_wconf 95' lang='lat' dir='ltr'><strong> </strong></span> 
     </span>
    </p>
   </div>
  </div>
 </body>
</html>
