2416 3802
458 136 677 199 „21-

127 290 221 360 vm.
243 302 413 372 upirorac.

128 403 251 465 Cocleae
288 407 352 465 sine
393 407 544 484 putamine
582 409 669 467 tritae
706 407 807 468 inlitae
880 442 895 475 s

57 493 152 554 fronti
171 511 239 554 cum
258 495 334 554 turis
348 493 457 571 polline
476 496 653 556 validissime
672 504 807 575 prosunt.

58 589 193 643 tumores
215 581 376 643 ‚oculorum
405 583 488 644 sedat
517 584 647 646 mulsum
674 585 808 665 tepidum
835 594 941 657 31115.

56 673 89 730 iu
117 670 256 750 penicillo
284 675 374 750 sup'er
401 673 581 751 impositum.
619 675 739 734 corticis
763 692 807 733 se·
836 683 923 747 aaut.

26 762 125 839 ⁵piac
162 759 255 819 larina
282 761 318 820 -iu
350 760 462 838 epiiora
494 780 530 822 ex
567 761 641 822 lacte
675 762 809 822 mulieris

58 847 286 909 circumlinitur.
325 866 393 908 caro
420 853 545 929 peponis
569 851 692 911 mirifice
721 851 806 911 reiri-
835 854 1044 924 20‚11(om.rb)

57 944 152 1016 gerat.
202 935 266 997 alba
302 937 371 997 beta
407 939 478 998 trita
511 939 603 999 ironti
634 941 805 1019 imponitur.
835 949 921 1011 abac.

57 1024 188 1086 eundem
215 1027 354 1086 effectum
380 1025 491 1087 habent
513 1026 596 1088 bulbi
620 1029 683 1088 triti
711 1027 807 1088 oculis
835 1039 939 1101 aulea.

55 1116 198 1194 impositi.
236 1117 301 1194 apio
324 1115 410 1175 viridi
437 1117 509 1176 trito
538 1135 606 1176 cum
628 1135 703 1195 pane
728 1116 807 1178 oculi
835 1127 940 1188 noum.

14 1216 42 1256 1⁰
55 1211 210 1282 tegcmtur.
247 1205 343 1263 ocimo
366 1222 403 1263 ex
425 1207 494 1263 vino
518 1207 629 1283 optimo
654 1207 724 1265 trito
749 1207 805 1265 cir·
834 1215 939 1277 20,121.

56 1290 270 1353 cumlinuntur.
308 1299 375 1352 ruta
393 1309 461 1352 cum
481 1292 601 1372 polenta
625 1295 752 1352 contrita
776 1301 807 1353 et
834 1302 944 1365 rodet:

55 1383 194 1460 imposita
213 1379 286 1440 lenit
308 1380 449 1441 dolorem.
487 1383 566 1442 aneti
585 1382 668 1442 radix
688 1384 719 1440 in
737 1384 805 1441 vino
834 1392 939 1453 autes.

55 1470 128 1529 trita
168 1467 312 1530 inlinitur.
369 1471 524 1548 papaveris
561 1469 724 1531 cauliculus
761 1469 806 1530 vel
833 1480 939 1543 211209.

56 1559 156 1618 siccus
188 1557 235 1618 vel
266 1557 369 1618 viridis
398 1576 466 1619 cum
496 1577 550 1618 suo
584 1559 805 1637 fructuxtritus

15 1658 41 1700 re
56 1648 230 1726 imponitur.
267 1646 319 1706 lini
348 1665 449 1707 semen
477 1665 546 1708 cum
576 1654 643 1708 ture
666 1666 703 1708 ex
731 1666 806 1726 aqua
833 1657 939 1720 noete

55 1742 159 1796 tusum
174 1734 399 1795 circumlinitur.
429 1735 554 1815 siliginis
568 1754 659 1815 grana
679 1735 805 1796 inferro
834 1732 940 1808 aaut.

54 1831 136 1884 tosta
159 1829 189 1882 et
208 1841 244 1883 ex
262 1825 330 1883 vino
350 1827 420 1884 trita
439 1823 696 1885 circumlinuntur.
733 1827 805 1884 item
834 1834 939 1896 22,142.

54 1911 199 1972 lenticula
222 1929 290 1972 cum
314 1912 454 1990 cydoneis
482 1920 566 1973 cocta
589 1921 619 1973 et
648 1930 706 1972 una
735 1914 805 1972 trita

56 1999 223 2060 adhibetur.
260 1999 376 2061 lentisci
407 2009 510 2061 tenera
533 2001 601 2063 lolia
625 2002 753 2060 contrita
776 2008 806 2060 et
834 2011 921 2073 24,42.

15 2088 150 2150 uirenti
173 2089 310 2167 imposita
334 2089 478 2167 epiloram
497 2089 691 2168 suspendunt.
725 2107 804 2148 mau—
834 2098 939 2162 tutta.

57 2176 201 2255 dragorae
220 2177 335 2237 radices
353 2185 437 2238 tusae
457 2195 526 2238 cum
544 2180 658 2238 rosacio
678 2196 715 2238 ex
738 2180 805 2237 vino

57 2268 145 2326 tritae
171 2265 389 2345 circumligatae
414 2266 557 2346 epiioram
579 2273 683 2326 sanant
702 2275 732 2326 et
756 2266 805 2326 do·

128 2419 171 2472 tit.
190 2418 232 2472 De
251 2417 356 2491 epiiorp
375 2418 405 2472 id
418 2424 434 2472 e
448 2418 484 2472 ad
502 2419 632 2474 humores
646 2418 761 2473 oculoru
779 2417 885 2472 intrusos
904 2434 935 2487 p,
953 2418 997 2472 Ad
1012 2419 1072 2488 epi-

56 2489 161 2558 phoras
175 2489 203 2542 d.
241 2496 255 2542 1
270 2487 368 2543 inlitae
383 2489 470 2543 fronti
482 2506 512 2559 p:
527 2490 613 2545 fronti
627 2488 717 2544 illitae
728 2491 756 2558 b,
771 2488 844 2562 illitp
859 2491 919 2558 (om.
933 2488 1030 2558 fronti)
1044 2491 1071 2545 cl.

90 2558 155 2614 tin
168 2575 219 2614 om.
235 2560 251 2613 b
265 2560 333 2627 (noa
346 2562 381 2629 r).
398 2565 402 2629 l
422 2561 573 2629 panniculo
588 2563 638 2616 tm.
665 2563 668 2628 Ι
694 2576 776 2630 super
795 2560 890 2615 oculos
907 2559 974 2628 imp.
992 2561 1037 2615 rb.

58 2634 73 2683 b
91 2627 237 2700 epiphoris
250 2630 287 2684 rb
307 2631 367 2699 (boe
385 2630 421 2685 ad
439 2633 578 2687 tumorem
597 2647 638 2687 oc.
654 2632 683 2686 ct
700 2632 829 2686 ruborem
848 2635 887 2685 eet
903 2646 953 2684 sec.
970 2630 1037 2701 Pu).

60 2706 74 2756 t
91 2718 131 2758 m.
146 2701 244 2756 oculus
258 2700 316 2770 (lis
331 2703 357 2770 b)
377 2701 579 2758 circumlinitur
592 2721 615 2758 r.
656 2708 689 2757 10
704 2701 968 2757 ocimum-tritum
987 2701 1074 2757 oeulis

59 2770 262 2826 circumlinitur
283 2774 329 2829 rb.
402 2779 434 2828 11
454 2789 517 2828 cum
536 2776 577 2844 pd
596 2774 675 2843 (Pl.):
703 2772 733 2828 in
752 2774 797 2826 rb.
824 2772 828 2842 Ι
854 2772 976 2828 contrita
999 2775 1073 2842 prb:

59 2843 124 2898 nita
146 2844 173 2899 d.
249 2848 282 2898 12
304 2843 334 2898 in
356 2845 409 2913 qd:
437 2860 471 2899 ex
493 2846 529 2900 rb
554 2845 632 2914 (Pl).
697 2849 730 2898 13
754 2842 888 2898 caliculus
906 2860 931 2913 9.
957 2848 962 2911 1
988 2843 1073 2898 cauli-

60 2913 135 2968 culus
151 2955 195 2969 ...
215 2931 278 2970 cum
292 2915 427 2970 structu:
446 2917 532 2985 caput
546 2916 590 2971 Pl.
612 2922 616 2982 Ι
639 2915 769 2970 cauliculi
783 2914 893 2969 sicci-
903 2914 965 2969 triti
982 2914 1074 2984 impo-

61 2989 160 3041 nuntur
179 2986 227 3041 rb.
300 2992 332 3041 16
350 2985 380 3039 in
397 2986 469 3041 terro
493 2988 581 3042 tosta:
608 2987 754 3041 combusta
774 2985 819 3041 Pl.
895 2991 927 3039 17
947 2987 1022 3041 tosta
1046 2987 1075 3042 et

10 3058 13 3127 ζ
62 3069 90 3110 cx
108 3055 176 3113 vino
191 3057 241 3112 rb:
260 3056 492 3112 tostutaexvino
507 3074 538 3127 9,
557 3059 632 3112 tosta
650 3059 680 3111 et
697 3057 763 3111 vino
777 3057 803 3112 cl.
856 3061 888 3111 18
905 3056 1074 3126 cydoneisp,

10 3130 13 3225 ἱ
63 3125 215 3183 σὶᾱοιιοίεά
233 3127 309 3196 (niis
324 3129 388 3195 ort:
408 3127 545 3182 cothoniis
559 3129 596 3182 rb
611 3128 688 3196 (PL).
714 3130 718 3196 Ι
743 3130 773 3183 et
785 3143 842 3180 uua
859 3127 926 3196 (unt
938 3130 988 3198 90)
1001 3129 1073 3196 prb:

64 3199 171 3255 drino
190 3199 216 3253 d.
283 3203 314 3252 19
334 3199 494 3254 adhibetur:
521 3198 690 3254 adhibentur
708 3200 768 3268 (sic)
787 3199 840 3268 pol,
869 3197 985 3254 adiuvat
1001 3199 1072 3268 rbl

64 3268 147 3325 teneri
169 3270 196 3324 d.
270 3274 304 3323 20
322 3268 470 3339 epiphoras
487 3271 531 3326 rb.
557 3270 591 3337 cf.
612 3270 690 3326 Plio.
714 3270 802 3325 oeulis
827 3267 1008 3324 inflammatis
1032 3268 1073 3321 in-

64 3335 192 3394 linuntur.
265 3346 299 3394 22
325 3342 354 3395 et
378 3340 588 3411 circumligatae
606 3343 632 3397 cl.
660 3343 664 3410 Ι
690 3341 843 3412 epiphoras
860 3341 909 3396 rb.
932 3342 1029 3407 les.
1042 3353 1084 3388 aa

65 3408 271 3480 circumligatae
289 3411 412 3467 dolorem
430 3412 507 3469 illico
527 3413 628 3471 sedant
640 3414 658 3469 b
679 3415 730 3484 tm.
742 3413 832 3469 radix
841 3414 934 3467 tunsa.
945 3425 1008 3461 cm.
1021 3406 1056 3455 et
1067 3418 1111 3454 ex

66 3496 86 3533 v.
104 3480 172 3536 trita
188 3481 310 3551 epidorus
327 3486 410 3541 sanat
429 3485 559 3546 attollit
579 3488 715 3547 dolorem
735 3489 775 3560 rt.
