2416 3802
351 234 357 245 Ι
454 145 697 212 —107—

60 307 381 371 hihissentvenennm.
408 307 569 389 Pompeius
583 317 684 372 antem
693 326 818 391 magnus
845 321 952 387 talne.

61 397 235 461 Mithridate
263 397 381 460 devicto
407 398 520 459 invenit
546 399 579 460 in
613 400 724 461 scrinio
752 401 817 461 eius

62 489 161 568 ipsius
186 484 442 567 manuscriptam
470 489 730 570 compositionem,
759 507 818 568 qna

62 575 113 639 ille
146 583 339 656 praesumpta
373 576 515 638 adversus
547 578 647 638 omnia
675 577 818 639 veneficia

36 666 97 726 tin
132 672 230 727 totum
261 664 341 726 diem
376 672 476 727 tutum
507 683 540 726 se
576 664 816 747 incolumemque

62 752 246 834 praestabat:
259 771 354 815 nuces
366 752 521 834 iuglandes
535 753 620 838 duae,
634 754 709 816 ficus
719 757 815 817 siccae

63 841 154 926 duae,
185 848 272 904 rutae
304 840 374 904 lolia
400 856 465 925 xx,
496 842 566 904 salis
594 860 720 924 panum
742 858 756 904 1
783 846 815 905 in

62 950 160 995 unum
178 929 405 993 contunduntur
423 939 454 993 et
471 930 652 994 devorantur
670 951 687 994 a
704 934 815 1013 ieiuno.

130 1019 285 1082 Electrum
304 1027 351 1091 est
369 1037 475 1082 aurum
493 1021 525 1081 in
545 1039 604 1101 quo
624 1024 727 1101 quinta
744 1040 815 1102 pars
842 1031 931 1095 taso.

25 1119 52 1161 ¹⁰
64 1111 181 1191 argenti
202 1110 362 1171 invenitur.
399 1128 437 1171 ex
456 1126 515 1189 quo
538 1111 565 1171 si
584 1111 651 1190 quis
669 1129 739 1172 vaso
762 1129 814 1190 po·
843 1120 930 1184 3331.

64 1199 174 1262 utorio
192 1204 308 1280 utatur,
330 1198 585 1260 insidias'veneni
606 1198 718 1260 vitabit.
756 1199 814 1260 dis·

63 1294 193 1349 currunt
219 1289 300 1348 enim
326 1288 358 1348 ln
389 1305 426 1349 eo
453 1305 542 1349 arcus
570 1285 748 1349 caelestibus
776 1289 815 1348 si-

62 1374 150 1439 miles
187 1393 256 1437 cum
290 1377 379 1456 igneo
415 1376 558 1460 stridore,
594 1394 689 1457 eoque
725 1374 814 1438 modo

63 1463 177 1546 duplici
202 1466 318 1526 ratione
350 1464 585 1547 deprehenditur
617 1466 725 1528 scelus.
768 1473 815 1528 est
841 1475 930 1540 soto.

26 1562 51 1605 ¹⁵
63 1552 210 1616 electium
227 1553 331 1616 lictum
347 1555 379 1615 in
394 1572 467 1616 auro
486 1554 585 1617 addita
599 1557 715 1635 argenti
727 1563 813 1636 parte

63 1645 181 1725 quinta,
208 1640 262 1704 sed
287 1642 346 1705 hoc
372 1649 489 1705 tantum
509 1651 642 1725 praestat
670 1652 815 1725 quantum

62 1728 137 1794 illud
158 1730 303 1796 naturale.

129 1818 210 1900 Ergo
232 1823 462 1882 monstravimus
485 1839 544 1901 quo
569 1820 702 1884 antidoto
725 1839 813 1882 rene·

62 1926 136 1971 num
157 1926 220 1970 non
242 1909 415 1980 admittatur
438 1917 468 1971 et
491 1928 550 1990 quo
566 1909 686 1971 vasculo
709 1927 813 1990 argua-

27 2003 122 2061 ”tun
157 2014 240 2060 nunc
263 2005 294 2060 et
315 1992 447 2061 remedia
470 2017 636 2079 suggeram.

129 2084 312 2150 Centaurion
338 2095 444 2168 potum
466 2089 565 2149 omnia
587 2086 663 2149 mala
685 2087 813 2149 medica·
841 2094 946 2159 tutet.

62 2184 163 2238 menta
181 2176 273 2256 exigit
290 2193 346 2256 per
365 2175 470 2238 alvum
503 2176 710 2238 aristolochiae
728 2176 814 2238 radix
841 2185 937 2248 tutet

61 2264 194 2345 pondere
232 2265 346 2327 denarii
377 2284 413 2349 ex
444 2265 564 2327 hemina
594 2266 656 2326 vini
691 2264 812 2327 bibitur.
840 2257 886 2325 (⁰f·
901 2259 974 2327 101).

62 2355 184 2434 sanguis
216 2355 341 2416 camdus
367 2354 505 2417 hauritur
536 2353 679 2416 adversus
706 2356 812 2416 toxica.
840 2362 928 2427 sept.

27 2442 221 2524 ¹⁵coagulum
248 2444 389 2523 agninum
411 2445 443 2505 iu
464 2444 601 2526 potione,
628 2442 813 2505 ventriculus
841 2453 947 2517 topos.

62 2532 195 2594 ciconiae
227 2549 297 2593 cum
324 2530 400 2594 lacte
428 2535 529 2594 orium
556 2531 589 2594 in
617 2530 684 2594 cibo
716 2531 812 2594 datur.
840 2540 945 2605 hotot.

131 2754 318 2812 mitridate
342 2757 398 2826 gd,
421 2754 596 2827 Mythridate
617 2773 641 2813 r.
666 2755 671 2827 1
696 2756 808 2812 devicto
830 2753 976 2810 mitridate
998 2753 1027 2810 d.

60 2826 147 2884 ente
192 2826 226 2884 d:
246 2824 308 2898 ipso
325 2827 373 2884 rb.
398 2828 403 2898 Ι
426 2825 567 2883 maleficio
585 2828 612 2885 d.
673 2833 689 2883 o
714 2844 744 2883 se
762 2843 814 2882 oen.
832 2827 859 2882 d.
915 2825 1082 2896 dpraests·

60 2897 113 2954 bnt
128 2842 202 2970 pege
219 2896 317 2970 pierii
334 2898 362 2955 d.
417 2898 482 2954 tin
499 2915 586 2954 mum
603 2900 646 2967 gd
663 2897 761 2968 (simul
780 2898 851 2969 Pl.):
870 2895 1017 2953 invinnm
1034 2897 1082 2954 rh.

96 2975 133 3026 to
153 2968 300 3026 invenitur
321 2969 432 3040 urgenti
455 2969 485 3025 d.
508 2971 514 3040 Ι
538 2984 607 3025 roso
624 2985 654 3040 9²
682 2985 750 3025 rese
772 2969 822 3025 dh.
847 2970 853 3039 Ι
876 2967 1035 3040 portatorio
1053 2969 1081 3024 d.

96 3046 133 3097 12
152 3040 228 3097 mm
246 3056 297 3096 om.
316 3039 344 3095 d.
369 3043 374 3111 1
397 3040 497 3097 similis
514 3056 540 3111 p.
596 3045 630 3096 13
650 3058 714 3097 cnm
731 3055 784 3099 oro.
801 3042 828 3097 d.
849 3041 855 3110 Ι
880 3055 983 3111 eoqnez
1001 3055 1035 3095 eo
1052 3040 1081 3095 d.

96 3117 132 3168 14
149 3110 204 3168 nst
219 3113 292 3196 prb:
311 3128 362 3167 om.
381 3113 408 3170 d.
466 3115 498 3166 15
517 3111 615 3168 fiotum
632 3112 709 3181 pdbz
728 3127 779 3168 oen.
792 3128 816 3168 r.
842 3112 846 3180 Ι
872 3109 983 3183 ergenii
999 3112 1082 3181 perte

60 3182 162 3240 addito
179 3185 280 3254 qnmts
296 3183 328 3251 d,
347 3198 373 3239 a.
392 3200 417 3240 e.
437 3183 538 3254 quinte
555 3184 636 3254 perte
654 3183 700 3239 rb.
755 3189 789 3238 tt
809 3182 858 3238 sed
877 3185 907 3238 et
927 3182 982 3238 hoc
999 3182 1027 3238 d.

62 3300 96 3351 18
114 3294 192 3367 Ergo
209 3295 282 3366 pods
302 3295 415 3366 Q(Quol
435 3297 462 3352 d.
484 3297 488 3365 Ι
504 3295 722 3353 monstrabimus
738 3312 769 3366 9,
787 3294 1039 3352 demonstravimus
1052 3294 1080 3350 d.

96 3373 133 3424 20
150 3368 181 3425 ot
198 3382 249 3423 oct.
268 3368 296 3425 d.
315 3369 321 3438 Ι
340 3383 521 3438 suggeremus
537 3369 583 3424 rb.
625 3373 659 3424 22
678 3367 864 3424 Aristolocioe
881 3382 933 3436 pr,
952 3363 1039 3447 -logie
1051 3365 1080 3421 d.

59 3443 131 3500 αἵθ
189 3437 323 3495 nderehz
350 3438 460 3510 pondus
477 3455 507 3511 p,
530 3439 624 3511 pondo
647 3440 680 3510 d,
707 3439 744 3510 cf.
763 3443 835 3508 idi.
887 3441 1087 3506 ἥψω

61 3510 104 3580 pd
117 3454 201 3579 (1332
219 3508 353 3580 sngmnm
370 3509 416 3568 rb.
