2416 3802
499 94 718 158 *92-

236 270 341 332 20‚138,
369 262 400 320 in
423 259 490 320 cibo
513 257 609 321 datur,
646 274 737 317 sucus
755 263 840 317 rotae
864 257 952 317 tritae
975 273 1013 315 ex
1035 261 1122 315 aceto

137 355 216 418 tenu
235 351 296 418 (om.
315 351 341 419 r)
369 347 530 409 instillatur
548 349 580 408 in
603 354 746 425 tempora.
783 343 972 424 spondylium
988 342 1122 404 infundi·

253 448 340 511 nuel.
369 445 419 498 tur
447 437 545 516 capiti.
582 435 701 497 suffitus
728 433 812 494 lanae
840 432 960 494 sincidae
986 431 1121 511 prodest.

137 533 216 597 aomo
236 528 297 597 (om.
316 529 342 597 r)
369 525 471 606 pulmo
493 523 617 604 pecudis
637 522 748 585 calidus
770 525 850 583 circa
868 528 958 601 caput
976 520 1122 600 alligatur.

151 615 230 685 *(cf.
250 617 342 684 tout)
370 614 455 694 adipe
478 613 560 693 gliris
583 613 713 673 irontem
733 611 835 672 liniet
858 610 977 671 dormit.
1013 608 1145 690 pellem⁵

282 795 298 829 ’¹'
370 792 447 853 lauri
474 791 543 851 lolia
571 792 629 851 tria
656 790 803 850 nescienti
826 785 883 849 snb
911 789 1008 867 capite
1035 788 1122 867 ponis

104 882 343 954 (conueniunt.)
371 888 402 941 et
416 880 534 941 dormit,
557 896 660 939 semen
674 872 837 959 papaveris,
859 892 962 937 semen
980 875 1122 955 lactucae,
1200 950 1202 961 Ι

283 972 299 1006 *
372 967 502 1048 dactylos
526 975 589 1028 tres
607 968 639 1028 in
658 983 734 1046 aqua
752 967 857 1046 coquis
876 965 912 1026 ad
930 966 1048 1046 tertias,
1071 964 1122 1024 das
1200 966 1202 977 '

283 1059 299 1095 *
372 1055 475 1118 bibere
498 1063 529 1117 et
552 1055 670 1116 dormit.
707 1056 829 1115 seminis
851 1053 984 1116 lactucae
1007 1048 1122 1113 coclear
1132 1062 1153 1103 1⁰

221 1138 343 1207 (wi-tl)
373 1145 527 1207 dimidium
546 1145 620 1206 teris
640 1162 709 1204 cum
722 1145 790 1204 vino
808 1152 838 1204 et
857 1159 949 1222 super
966 1140 1122 1203 imbricem
1200 1158 1202 1189 ι

373 1236 479 1314 supino
502 1251 581 1314 pone
605 1240 635 1293 et
658 1232 775 1293 dormit,
1200 1258 1202 1265 v

442 1383 517 1450 XX.
538 1380 594 1437 Au
615 1379 811 1453 cardiaces„

258 1493 345 1556 noct.
441 1483 524 1562 Aqua
542 1484 628 1561 potui
645 1482 733 1543 datur
751 1484 782 1542 in
802 1497 860 1560 qnia
873 1479 975 1540 holera
993 1479 1124 1540 discocta

240 1581 345 1644 nutet
375 1579 445 1632 sunt
472 1570 571 1632 addito
600 1570 669 1632 sale.
705 1578 773 1631 ruta
801 1587 837 1630 ex
868 1576 951 1630 aceto
979 1575 1010 1629 et
1037 1567 1124 1629 melle

375 1677 444 1720 oum
476 1659 569 1720 iarina
605 1659 770 1720 hordeacea
801 1658 917 1739 pectori
952 1658 1123 1736 imponitur.
1135 1663 1157 1707 1⁵

241 1757 346 1821 tonet.
375 1756 461 1809 rutae
489 1748 650 1810 fasciculus
672 1766 742 1808 cum
764 1749 880 1808 rosacio
902 1763 940 1807 ex
967 1751 1053 1806 aceto
1074 1744 1124 1805 tle

375 1839 516 1917 coquitur
538 1837 652 1899 adiecta
674 1836 753 1897 alcea
771 1837 859 1897 uncia
877 1852 950 1895 una:
972 1833 1003 1894 id
1027 1833 1126 1900 oleonn

242 1936 347 1998 nuato.
374 1928 571 2005 perunctione
600 1925 741 1988 sudorem
773 1926 859 1985 sistit.
900 1922 983 1983 radix
997 1921 1125 1984 ier-niue

375 2033 412 2075 ex
435 2022 520 2075 aceto
540 2022 571 2075 et
589 2015 656 2075 oleo
673 2022 820 2094 peruncto
839 2012 980 2073 sudorem
1002 2009 1127 2072 inhibet

260 2112 346 2175 nete.
374 2103 476 2163 unum
490 2120 607 2163 merum
620 2105 652 2163 in
666 2104 788 2182 spongia
804 2102 968 2181 imponitur
982 2116 1126 2162 memmae
1138 2111 1163 2154 tt

242 2201 348 2263 tanto,
375 2192 522 2252 sinistrae.
550 2194 640 2270 myrti
658 2209 760 2253 semen
781 2208 851 2250 cum
868 2187 988 2269 polenta
1001 2206 1040 2250 ex
1056 2191 1127 2250 vino

242 2289 347 2353 24,118.
375 2281 539 2357 imponitur
562 2297 705 2341 mammae
724 2281 872 2340 sinistrae.
910 2276 980 2339 lolia
1002 2277 1126 2354 urbiin

376 2385 435 2446 quo
458 2386 542 2429 mora
564 2375 729 2430 nascuntur
746 2385 802 2448 per
825 2385 857 2427 se
876 2368 946 2427 trita
967 2366 1125 2447 imponun-

243 2465 347 2529 24‚120.
376 2463 426 2516 tur
449 2456 544 2517 eidem
568 2474 720 2517 mammae.
758 2474 850 2517 sucus
872 2471 1027 2517 mororum
1049 2472 1126 2535 quae

242 2554 348 2618 28360.
372 2547 407 2605 -in
426 2544 502 2605 rubo
521 2553 685 2606 nascuntur
704 2546 789 2624 potui
808 2543 903 2604 datur.
936 2560 1047 2605 cornus
1061 2561 1125 2605 cer·
1138 2554 1163 2596 2⁵

180 2730 294 2802 figlinis
313 2733 344 2785 d:
368 2730 447 2801 grillo
465 2733 525 2801 (oie)
546 2749 578 2803 9,
602 2732 693 2804 grillis
712 2735 758 2788 rb.
778 2734 783 2802 1
803 2733 855 2787 lini
872 2732 946 2802 prb:
973 2730 1041 2786 linia
1062 2733 1090 2788 d.

109 2802 1118 2945 3{titillatuiuuentutemtattmttla

144 2945 254 2999 altem
276 2943 340 3011 fort.
364 2945 445 3000 terea.
467 2949 471 3014 Ι
496 2945 687 3015 tertionarii:
710 2945 870 3001 tertiomd.
895 2945 900 3016 Ι
925 2943 976 3000 don
997 2960 1028 3015 pt
1051 2943 1128 3000 dod

109 3014 254 3084 (nobisque
273 3016 330 3085 rb).
394 3022 428 3071 10
448 3017 549 3072 Semen
567 3017 617 3085 9ἀ.
682 3022 715 3070 11
736 3018 765 3072 el
781 3015 978 3088 porimbn'cem
996 3015 1127 3086 sopinum

108 3087 326 3172 (eupremumotl
348 3088 391 3157 pel
413 3087 492 3171 (corr.
512 3088 578 3158 epo).
643 3093 675 3141 17
695 3087 780 3142 uncio
798 3103 856 3142 una
872 3087 923 3141 rb:
950 3085 1081 3143 unciam.
1098 3100 1126 3156 9,

108 3181 151 3225 ῳ.
170 3177 188 3212 1.
203 3159 224 3212 ci
242 3157 350 3225 (addito
362 3174 447 3213 unone
460 3159 538 3214 eloco
553 3158 611 3227 Pl.)
661 3164 695 3214 18
709 3158 859 3226 punctione
872 3174 899 3228 9,
918 3174 966 3213 -ne
979 3158 1005 3213 ol.
1022 3157 1126 3226 {mdo-

107 3244 167 3284 rem
190 3228 267 3284 sistit
288 3245 339 3284 om,
361 3230 407 3299 qd
434 3227 474 3296 (in
497 3228 553 3284 olei
579 3246 607 3298 p.
631 3228 760 3284 sudorem
788 3228 864 3285 nme
883 3229 921 3284 rb
944 3229 979 3298 cf.
1000 3228 1068 3298 Pt).

109 3304 142 3354 te
168 3302 303 3371 peruncto
329 3302 409 3370 (dot.)
427 3301 458 3355 d:
486 3300 624 3383 punctioni
644 3316 675 3369 9,
697 3300 881 3385 perunctione
902 3300 940 3354 rb
963 3299 1039 3383 (fort.
1053 3314 1126 3425 dper-

100 3372 273 3496 pprcaepurppp
291 3377 508 3498 emiolrpramme
536 3387 588 3425 om.
615 3374 771 3442 nopomtnr
792 3372 819 3427 d.
874 3377 907 3425 21
931 3370 1032 3440 Myrina
1073 3411 1080 3425 .
