2384 3796
301 151 542 218 -138-

90 320 449 381 minoconondm.

6 440 12 449 ·
93 422 158 485 Noui
185 422 354 485 doctitanter
385 419 535 479 coliandro
568 421 769 499 refrigeratrix
798 429 936 499 potestas

26 512 129 579 tutor„
151 529 210 575 nou
233 520 329 571 tamen
352 506 488 587 simplex,
511 515 545 568 ut
568 509 800 587 prudentissime
821 509 935 570 Galeno

0 604 2 612 *
27 602 157 673 rm,
178 599 232 659 sed
249 599 297 658 cui
316 592 458 674 quaedam
481 599 580 674 portio
603 599 786 658 austeritatis
809 601 936 659 inmixta

23 692 73 763 sit,
86 688 156 751 incle
168 686 248 767 quod
262 683 404 763 quaedam
419 702 454 743 ex
470 703 505 743 eo
513 687 584 745 vitia
599 693 743 747 curantur
758 704 836 764 quae
848 706 935 747 num-

23 795 113 859 quauu
125 776 244 837 omuino
264 778 388 852 sanaret,
408 773 433 831 si
448 773 509 833 sola
523 777 633 834 virtute
653 775 758 853 lrigida
772 776 958 837 niteretur.⁵

23 882 93 929 suut
115 862 200 925 molle
223 868 253 921 et
275 876 330 920 trra
357 879 444 938 passa
470 864 574 922 tritum
595 871 624 922 et
643 865 807 942 inpositum
829 881 934 924 omnes

23 962 156 1015 tumores
173 948 421 1027 collectionesque
441 954 611 1029 compescit.
647 953 808 1030 praecipue
834 960 934 1012 tamen

21 1040 81 1103 unt
97 1055 206 1119 gerere
220 1036 422 1096 medicaminis
441 1037 594 1100 doloribus
608 1042 730 1100 testium
746 1039 933 1102 subvenitur.

20 1144 95 1191 sum
108 1126 303 1203 maligranati
322 1133 352 1185 et
365 1125 430 1186 oleo
444 1128 474 1186 in
489 1130 610 1205 potione
625 1131 807 1207 permixtum
822 1131 933 1189 anima-

20 1214 228 1279 llalutoraneis
238 1215 337 1274 innata
350 1218 550 1294 persequitur.
574 1234 677 1277 semen
686 1235 722 1276 ex
737 1235 813 1295 aqua
828 1226 934 1297 potum
947 1227 970 1266 1⁰

21 1302 199 1367 mintionem
218 1305 330 1363 ventris
349 1306 494 1382 astringit.
527 1307 672 1384 scriptum
693 1323 709 1364 a
732 1304 837 1366 multis
860 1306 932 1385 legi-

21 1402 73 1457 tur
103 1394 160 1455 trie
192 1390 334 1451 coliandri
367 1409 456 1469 grana
485 1394 627 1453 tertianas
656 1393 829 1475 excludere,
864 1403 934 1455 ante

21 1481 221 1545 accessionem
249 1481 275 1538 si
304 1479 415 1539 luerint
444 1479 590 1541 devorata.
628 1483 722 1542 isdem
749 1482 935 1560 repellendis

21 1569 124 1633 ollitas
148 1576 193 1629 est
215 1570 312 1647 ipsum
333 1566 517 1628 coliandrum
536 1576 604 1630 ante
629 1569 699 1630 solis
723 1577 824 1630 ortum
848 1573 935 1650 igno-

22 1659 115 1723 murts
138 1655 274 1718 cervicali
297 1654 390 1714 viride
415 1655 591 1718 subiectum.
633 1661 743 1719 mirum
771 1666 817 1718 est
850 1660 934 1738 qnod
948 1669 973 1710 1⁵

22 1746 202 1809 Xertocrctes
231 1743 333 1824 tradit,
364 1747 388 1804 si
409 1762 502 1805 ornum
525 1748 646 1806 seminis
670 1764 795 1825 granum
819 1747 935 1808 femina

22 1833 143 1915 litore,
175 1850 235 1894 arno
267 1832 314 1892 die
346 1835 373 1892 ei
402 1841 556 1895 menstrua
584 1837 746 1910 contineri,
779 1835 874 1895 biduo
907 1839 934 1897 si

22 1924 94 2008 cluo,
121 1928 151 1984 et
173 1921 297 1982 totidem
325 1923 384 1981 iam
407 1920 512 1981 diebus
544 1931 617 2000 quot
643 1941 734 2002 grana
757 1927 935 2003 sumpserit.

22 2046 89 2055 ......
94 2044 231 2055 ...ιη-

83 2080 257 2139 θοιΙιιιΙιιιιιι
274 2080 395 2136 calefacit
409 2089 437 2137 et
457 2083 584 2155 stringit,
608 2099 734 2138 somnum
749 2083 831 2138 etiam
855 2084 932 2140 iacit.

23 2182 83 2233 curn
102 2165 180 2223 melle
207 2169 235 2221 et
257 2180 306 2219 nra
327 2181 406 2238 passa
430 2167 522 2221 tritum
545 2167 695 2239 inpositum
715 2183 811 2222 omnes
841 2175 934 2224 tumo·
947 2183 973 2223 so

23 2268 65 2315 rec
87 2249 318 2321 collectionesque
333 2251 489 2323 compescit.
524 2251 618 2305 tritum
641 2267 701 2306 eum
724 2260 801 2307 aceto
824 2255 933 2309 morsui

22 2334 116 2401 utino
145 2334 272 2391 occurrit.
315 2349 397 2389 sucus
426 2335 484 2389 eius
511 2350 571 2389 eum
602 2334 662 2390 oleo
691 2337 790 2391 mixtus
818 2345 935 2408 potatur

21 2429 115 2487 contro
136 2416 283 2474 lumbricos
305 2425 333 2472 et
362 2419 456 2477 tineas.
498 2413 606 2496 [semen
634 2420 692 2475 eius
719 2421 748 2475 in
770 2418 844 2475 dulci
869 2422 932 2477 vino

23 2507 112 2571 &lum
139 2502 282 2575 proniores
312 2500 401 2557 reddit
430 2504 457 2558 in
485 2518 619 2559 venerem.
656 2505 680 2559 si
707 2519 790 2577 supra
818 2505 933 2561 modum

24 2588 127 2657 &deols
146 2585 287 2641 amentiam
309 2587 405 2641 nutrit.
448 2603 530 2643 canos
552 2603 586 2642 ex
614 2587 757 2643 coriandro
779 2585 855 2645 infici
878 2597 932 2646 tra·
945 2597 970 2639 ²⁶

24 2678 105 2741 ditum
127 2663 193 2744 est]

50 2864 74 2921 a
91 2861 104 2911 1
124 2820 343 2920 coliandro⁸pol
365 2853 410 2922 (ef.
429 2854 479 2907 Do
490 2853 581 2922 Ooupe
599 2853 617 2907 l.
632 2853 755 2921 Grecop
781 2853 932 2911 coriandro

1 2925 155 3007 nmo.
210 2923 356 2992 igolieno
378 2940 425 2994 po
480 2923 581 2978 liudo
603 2925 742 3007 pol(rb):
769 2925 837 2991 fort.
855 2925 932 2982 ideo.

89 2995 236 3053 coenaret
252 2995 363 3062 potor:
383 2997 493 3050 cureret
509 2995 555 3049 rb.
576 2994 738 3062 initerelmr
750 2996 850 3064 quor:
869 3001 933 3052 ute-

2 3028 52 3149 ’ῗι
62 3066 141 3163 W
153 3066 262 3118 enotavi
274 3081 307 3118 ex
321 3066 350 3134 l).
401 3071 417 3120 9
437 3069 467 3121 ct
484 3066 547 3121 oleo
565 3065 744 3136 impositione
757 3066 934 3135 permixtum

25 3135 225 3221 &impositio
244 3138 287 3190 est
305 3136 475 3206 permixtum
498 3137 594 3205 (sicil
650 3142 681 3190 11
703 3136 923 3220 constringit&
880 3141 933 3208 eac)

38 3270 39 3275 ἵ
110 3207 154 3263 ol:
173 3206 286 3276 stringit
274 3208 347 3262 Μ
365 3211 437 3276 iser.
456 3206 602 3263 omultis.
625 3207 724 3261 iubent
742 3206 832 3277 aliqui
851 3208 932 3265 Plio.

67 3296 133 3310 ι
156 3293 206 3332 ono.
221 3280 239 3331 l.
286 3284 318 3333 13
337 3278 440 3333 isdem·
459 3279 570 3334 hisdem
583 3279 714 3347 pulmo).
729 3279 934 3348 lrcpellendus

2 3349 5 3362 ’
63 3354 126 3487 Ἠ
178 3356 211 3403 14
229 3349 385 3418 ignorantis
408 3366 467 3420 eqo:
491 3349 634 3420 ignoranti
655 3365 693 3417 pv
708 3349 779 3417 (rb),
803 3351 894 3406 conl

0 3425 12 3496 ,'
38 3468 61 3493 „
145 3419 333 3491 duopo(),rb
352 3420 488 3475 duobusl
505 3421 586 3490 (Duo.
605 3420 708 3488 duov,
726 3420 844 3490 oedipo
859 3436 933 3478 corr.
