2416 3802
494 147 712 227 „284

247 341 335 404 30‚24.
363 327 435 388 bent
457 330 488 387 in
512 333 595 386 testa.
632 325 790 385 harenulae
815 326 944 402 quaein
969 315 1113 384 cornibus

364 415 532 476 coclearum
545 416 738 474 inveniuntur
753 415 831 474 cavis
845 411 985 473 dentibus
999 411 1112 473 inditae

248 517 334 579 3036.
365 506 505 566 continuo
538 503 645 563 finiunt
678 502 819 563 dolorem.
869 501 947 561 idem
979 509 1114 579 praestat

230 607 335 668 31‚101.
364 593 451 654 fimus
472 594 553 652 corvi
570 594 600 651 in
620 590 686 650 lana
705 591 848 669 alligatus.
876 590 1007 649 inviolati
1025 607 1112 668 prae-

364 689 481 742 stantur
502 681 606 741 dentes
626 681 651 739 si
666 681 732 758 quis
757 680 876 740 cottidie
891 697 977 738 mane
991 679 1113 738 ieiunus
1128 685 1141 727 ⁵

364 769 421 831 sub
444 769 544 848 lingua
557 767 664 828 habeat
682 785 807 846 granum
822 767 889 828 salis
909 768 1002 828 donec
1017 766 1113 844 lique-

231 869 336 933 28‚178.
365 866 435 920 scat.
478 860 590 918 cervini
618 875 727 917 cornus
755 857 849 917 farina
876 858 907 916 in
935 855 1037 915 dolore
1066 855 1114 915 vel

232 958 336 1022 28‚179.
365 946 546 1007 conluuntur
568 945 614 1005 vel
642 945 794 1005 fricantur.
832 944 882 1004 tali
909 942 1013 1004 bubuli
1036 945 1114 1004 cinis

264 1038 301 1092 ib.
365 1035 566 1096 dentifricium
598 1041 652 1093 est.
702 1052 769 1094 assa
804 1053 839 1093 ex
871 1031 990 1111 ungulis
1023 1050 1115 1092 suum

232 1134 337 1197 28‚182.
365 1123 518 1183 combusta
538 1122 665 1183 eundem
684 1140 772 1183 usum
790 1129 950 1200 praestant.
988 1123 1111 1199 caprino
1127 1131 1153 1170 1⁰

275 1217 291 1251 *
364 1211 440 1272 lacte
464 1211 577 1272 utiliter
601 1211 705 1271 dentes
734 1211 923 1271 conluuntur.
961 1208 1041 1269 ebuli
1065 1227 1112 1269 ra-

365 1300 462 1361 dicem
490 1319 525 1360 ex
556 1311 639 1363 aceto
672 1299 818 1380 dcccque,
851 1307 881 1359 et
912 1299 962 1359 diu
995 1299 1025 1357 in
1059 1315 1113 1358 cre

276 1394 292 1428 *
364 1396 510 1449 teneatur.
539 1387 607 1446 lolia
630 1386 666 1446 de
685 1386 764 1447 buxa
785 1396 815 1447 et
833 1387 1018 1448 ramusculos
1032 1389 1115 1446 aneti

365 1484 427 1536 tres
445 1478 477 1535 in
496 1474 584 1535 cllam
602 1476 695 1534 mittis
714 1485 744 1536 et
763 1484 929 1547 cumaceta
949 1474 984 1534 ad
1007 1477 1113 1536 tertias

365 1563 520 1642 decoquis:
554 1562 732 1642 tepefactum
755 1567 786 1624 in
810 1583 862 1624 ore
885 1570 993 1625 teneat.
1129 1571 1155 1612 1⁶

431 1817 542 1872 nm.
569 1816 730 1872 Dentioni
752 1816 948 1873 infantium.

233 1962 337 2026 28‚258.
432 1952 541 2013 Dentes
570 1956 640 2031 equi
667 1955 718 2033 qui
747 1955 836 2033 primi
868 1954 978 2014 cadunt
1005 1953 1114 2032 alligati

365 2041 482 2102 facilem
492 2041 662 2126 denticnem
671 2050 835 2121 praestant:
850 2042 955 2102 melius
967 2044 992 2102 si
1001 2050 1114 2102 terram

233 2139 337 2202 28359.
365 2149 426 2190 ncn
440 2136 570 2208 tangant.
598 2129 673 2191 lacte
688 2133 809 2209 caprino
820 2139 870 2191 aut
885 2131 1019 2210 leporino
1031 2149 1112 2191 cere·

232 2228 337 2291 311117.
365 2218 443 2279 bello
457 2219 589 2297 gingivae
601 2218 809 2296 perfricantur.
834 2219 964 2298 delphini
979 2219 1114 2280 dentium

366 2309 441 2367 cinis
465 2325 532 2366 cum
557 2306 642 2366 melle
666 2309 790 2386 gingivis
818 2308 966 2388 inlinitur,
995 2314 1025 2367 et
1048 2310 1113 2368 eius
1127 2316 1154 2355 ²⁰

265 2397 301 2454 ib.
366 2395 454 2456 dente
474 2396 607 2473 gingivae
628 2402 798 2475 tanguntur.
827 2397 954 2456 eundem
974 2397 1113 2457 ellectum

232 2495 337 2558 30‚135.
365 2483 475 2544 habent
494 2483 598 2543 dentes
617 2483 775 2544 caniculae.
810 2485 967 2545 cerebrum
990 2486 1113 2564 pecudis

365 2574 397 2632 in
421 2572 487 2632 cibo
511 2572 606 2632 datur.

170 2820 184 2868 1
205 2812 318 2885 arenula
332 2813 382 2881 qd.
408 2814 411 2880 Ι
436 2812 466 2866 in
484 2811 559 2868 testa
577 2815 661 2882 (testo
679 2832 703 2871 c.
718 2816 735 2872 l.
753 2815 822 2884 Pl.):
841 2814 871 2868 in
889 2816 964 2869 testa
982 2813 1114 2869 candenti

100 2886 191 2939 Marc.
212 2885 287 2952 (haec
304 2885 336 2938 in
353 2885 395 2953 pd
417 2885 567 2940 natantur
585 2887 623 2940 ad
636 2887 788 2955 sequentia,
807 2902 868 2940 curn
885 2886 983 2954 quibus
998 2887 1115 2953 confusa

97 2956 265 3024 sentiar).
329 2953 456 3010 ainana
473 2957 500 3010 d.
565 2957 652 3012 stati
671 2957 768 3012 bubuli
788 2957 870 3026 (Pl.):
889 2956 947 3011 albi
965 2956 1045 3010 bulbi
1062 2973 1113 3026 pr,

98 3027 177 3081 albus
195 3024 275 3081 bulbi
292 3026 320 3081 tl.
402 3027 568 3081 9dentibus
591 3027 697 3082 fritium
723 3030 799 3082 estr
826 3028 909 3095 (accde
927 3032 953 3082 et
975 3028 1031 3096 bt).

99 3103 130 3151 11
154 3096 464 3165 radicem...decoque
484 3100 514 3152 et
531 3097 579 3152 diu
596 3114 646 3167 pr:
665 3097 761 3154 radix.
774 3141 779 3152 .
791 3098 931 3211 ‚decocta
951 3097 1000 3152 diu
1019 3099 1045 3154 d.

898 3183 909 3211 s

99 3227 132 3276 13
155 3221 329 3277 ramusculus
354 3228 417 3278 ante
439 3224 491 3291 ipe.
515 3238 584 3279 cerr.
602 3240 628 3292 9.
693 3229 727 3276 14
745 3225 802 3277 tres
820 3240 851 3293 9:
877 3243 918 3278 111.
937 3222 957 3277 d
979 3223 1063 3291 (teres
1078 3224 1113 3291 r).

100 3294 102 3361 Ι
120 3293 149 3347 in
169 3293 256 3347 ollam
273 3291 364 3348 mittis
378 3312 408 3364 p:
427 3293 458 3347 in
476 3293 534 3348 olla
551 3293 647 3348 mittes
662 3294 690 3350 d.
745 3298 778 3348 15
798 3293 937 3362 decoques
956 3294 1015 3363 (sic)
1028 3295 1078 3364 pd.

97 3364 138 3420 tit.
172 3362 304 3419 Dentioni
329 3364 482 3420 infantium
508 3380 538 3433 9:
566 3363 612 3418 Ad
639 3363 801 3420 demtionem
827 3363 978 3419 infantium
1007 3366 1033 3422 d.

95 3440 131 3486 17
147 3435 250 3489 melius
265 3451 318 3504 pr:
336 3435 437 3490 Melius
457 3437 501 3489 est
518 3435 544 3490 d.
607 3439 640 3489 18
659 3434 780 3490 cerbello
793 3451 818 3504 p.
879 3439 912 3488 22
928 3434 955 3489 d.
970 3435 1115 3491 caniculae

75 3501 192 3556 habent
207 3506 235 3558 d.
259 3510 272 3573 l
294 3507 443 3562 cerebrum
454 3505 586 3563 -datur
603 3524 655 3579 pr:
673 3522 726 3564 om.
744 3507 772 3562 d.
