2416 3802
461 207 703 272 —158—

181 370 269 431 lienis
300 371 449 451 infringit,
486 369 615 431 calculos
647 369 743 449 pellit,
775 370 893 428 urinam
926 369 1013 448 citat,
1043 367 1100 428 ad-

97 463 164 517 cbs'r
183 467 286 520 monet
307 466 460 520 menstrua
479 458 665 520 feminarum.
702 456 758 518 hoc
777 455 945 517 antidotum
963 454 1093 517 Galenus

181 547 314 628 polyides
336 546 487 628 inscribit,
515 547 595 627 quod
621 553 706 626 putat
728 553 789 606 tam
812 544 940 606 salutare
963 553 1001 607 ut
1028 544 1087 625 plu·

182 638 266 697 rimis
289 638 375 697 annis
398 638 487 697 vitam
508 635 664 696 homiuum
685 635 781 714 possit
803 633 974 695 extendere.

108 747 153 799 Pl.
248 766 394 822 mm.
417 766 466 821 Do
488 768 613 821 monte.

85 822 171 885 Μ’
249 865 291 926 lle
315 876 414 927 menta
438 883 557 946 quoque
581 884 656 944 quae
679 866 832 945 potuimus
855 865 999 924 adnotare
1023 862 1103 924 suh-⁵

182 957 315 1015 lecimus.
351 953 501 1016 labentem
528 956 660 1015 animum
688 952 788 1014 odoris
811 952 943 1013 efficacia
965 959 1083 1013 recreat

183 1042 334 1105 stomacho
352 1042 426 1104 nihil
445 1044 669 1123 concupiscenti
683 1041 835 1103 lastidium
852 1040 991 1102 detrahit
1028 1057 1083 1103 sau·

183 1133 304 1211 guinem
331 1130 539 1193 excreantibus
567 1134 598 1192 in
627 1129 790 1192 sorbitione
816 1131 951 1209 ptisanae
981 1131 1084 1210 optimo

181 1222 367 1301 propinatur.
411 1223 443 1281 in
476 1219 577 1281 dolore
609 1222 715 1299 eapitis
748 1226 874 1280 contusa
905 1217 1086 1299 temporibus

183 1309 327 1372 inlinitur.
363 1308 501 1370 instillari
528 1307 651 1369 auribus
673 1326 780 1369 sucum
807 1325 876 1369 cum
898 1325 975 1387 aqua
998 1306 1086 1368 muha
1097 1319 1118 1360 1⁰

183 1397 256 1458 utile
272 1400 362 1457 estin
381 1396 491 1458 dolore.
519 1396 618 1457 aridae
636 1395 734 1476 pulvis
752 1394 849 1457 trihus
868 1395 969 1475 digitis
988 1412 1086 1477 appre-

182 1485 297 1545 hensus
319 1492 350 1546 et
372 1502 440 1545 cum
463 1503 538 1565 aqua
557 1484 651 1546 calida
673 1487 703 1546 in
722 1486 843 1564 potione
867 1483 954 1545 datus
974 1500 1087 1545 omnem

183 1573 329 1634 stomachi
351 1571 478 1652 detergit
500 1575 647 1636 iniuriam.
680 1573 783 1634 eadem
802 1590 852 1633 res
871 1574 960 1634 etiam
980 1572 1087 1634 ventris

184 1660 318 1721 animalia
342 1661 490 1722 interficit.

111 1845 157 1912 (cf.
224 1838 363 1913 Nepete
394 1838 573 1896 calidissimae
601 1840 708 1895 virtutis
738 1845 788 1895 est
836 1837 910 1894 uude
939 1854 973 1895 ex
1002 1856 1033 1896 ea
1058 1835 1115 1892 trs

80 1915 185 1970 Amcd
192 1922 345 1979 antidotum
381 1923 455 1998 quod
484 1922 684 1980 diacalamintes
711 1932 833 1980 vocatur
881 1923 988 1979 urinam
1016 1924 1087 1993 citat,

76 1998 107 2043 Π
116 1989 185 2058 ¹²4)
179 2014 327 2064 menstrua
350 2014 448 2064 movet.
486 2024 569 2064 sucus
591 2009 649 2064 elus
671 2023 703 2063 er
724 2006 812 2064 mulsa
833 2015 916 2082 potus
930 2008 1087 2082 sanguinem

187 2100 344 2148 excreantes
367 2100 452 2148 sanat.
489 2108 571 2150 sucus
593 2092 653 2148 eius
674 2092 779 2147 aurium
801 2092 912 2148 vulnera
934 2100 1022 2150 curat.

109 2227 165 2295 (26)
248 2226 335 2284 llenta
358 2229 487 2285 virtutem
517 2227 598 2285 hahet
624 2227 855 2302 refrigeratoriam
884 2224 933 2303 [ol.
956 2224 1087 2301 calidam).

184 2328 266 2369 sucus
288 2313 347 2368 eius
369 2329 431 2370 cum
453 2322 532 2370 aceto
554 2322 582 2370 et
605 2312 739 2388 sulphure
765 2314 855 2386 iguem
877 2329 986 2370 sacrum
1008 2312 1119 2383 tollit*

185 2404 308 2453 tumores
330 2405 358 2453 et
380 2397 490 2454 vulnera
513 2397 608 2472 eapitis
627 2405 712 2454 curat.
749 2414 833 2455 sucus
855 2399 914 2455 eius
936 2414 998 2455 curu
1014 2405 1088 2455 aceto

182 2488 246 2554 pota
269 2482 428 2554 sauguinem
450 2481 625 2539 reicientibus
652 2480 775 2555 prodest.
812 2499 895 2539 sucus
922 2498 984 2538 cunr
1012 2480 1089 2537 melle

182 2580 284 2639 acapno
306 2573 335 2622 et
355 2565 420 2624 felle
437 2565 555 2640 perdicis
571 2564 702 2640 caligines
717 2566 859 2623 oculorum
882 2567 1010 2641 extergit.
1043 2580 1088 2621 vo·

182 2649 277 2706 micam
303 2650 415 2725 stringit
440 2667 524 2708 sucus
553 2651 611 2707 eius
640 2667 701 2707 oum
724 2651 834 2708 mastiee
860 2650 997 2726 catapotia
1020 2649 1088 2707 lacto

141 2810 145 2825 ι
182 2733 206 2787 sl
228 2731 370 2806 glutiatur.
1097 2734 1117 2779 ¹⁵

148 2914 255 2971 lcitcb
271 2916 338 2986 prol
358 2916 414 2972 ciet
430 2917 530 3058 mill)
519 2916 659 2973 Admonet
676 2918 942 2987 perhemmius
961 2919 1025 2976 Gal.
1039 2928 1088 2975 ιιι.

75 2989 312 3127 ⁶”''²·'¹3⁸⁶
251 2934 1117 3132 usatitttrshntrthlnrc

105 3198 157 3255 ..
141 3078 604 3271 πω...
617 3129 763 3255 erro
756 3102 942 3258 onerer
963 3078 1052 3259 ri?
1049 3148 1090 3258 s

40 3200 347 3343 &aequoque
362 3217 527 3329 secarent.
520 3272 663 3342 noviocp.
678 3220 943 3343 angemmerop
961 3275 1091 3343 (iussis,

70 3342 182 3411 mo).
209 3343 495 3468 bquoqlueossrbd
489 3340 711 3410 lodiioiemusr
748 3289 968 3428 scissugpcfp
948 3344 1092 3473 pimual

19 3412 320 3486 rihmunt
376 3416 470 3469 ..est
493 3412 681 3471 Indoloro..
697 3386 1064 3498 .p.lclldigrtist1ir
1067 3417 1091 3472 h.

50 3482 270 3553 sammg
317 3420 529 3572 tlsdstergitt
540 3485 612 3556 irbi:
629 3485 729 3555 deterg
695 3488 822 3556 rggcet
839 3485 1093 3558 digeritoastesps.

37 3548 157 3605 ΜΗ
37 3554 309 3623 wlfinum
318 3558 469 3618 secobiam
479 3555 1093 3632 pohhiadsmehmreshhademuuesesr.
