2416 3802
350 98 688 175 .-95-

21 348 24 355 r
135 302 245 359 xm
268 302 323 359 Ad
344 301 559 374 hydropicos.

134 419 276 502 Lapidem
298 430 431 502 gagatem
455 422 635 503 hydropicus
666 427 692 486 si
715 443 817 487 secum
890 431 906 464 *

65 517 168 589 portat
202 509 385 572 liberabitur.
430 515 559 573 vomitus
591 515 690 574 canini
720 516 818 577 ventri
844 525 950 590 30,105.

65 598 244 661 inlinuntur.
279 599 400 661 sablone
430 599 525 662 calido
547 604 662 663 marino
685 602 816 665 obruun·
843 615 931 678 atat.

66 695 127 749 tur.
181 690 321 768 spongiae
363 690 442 750 afrae
479 692 575 752 siccae
616 699 815 771 apponuntur.
843 703 949 767 31,128.

37 776 160 858 ⁵adeps
190 778 323 858 delphini
358 778 487 858 liquatus
522 798 559 840 ex
590 781 658 840 vino
694 779 816 862 bibitur,
842 792 949 855 anili,

65 873 191 947 proptor
208 867 437 946 graveolentiam
455 867 578 929 naribus
600 868 746 931 obturatis
765 878 816 931 aut

65 962 220 1035 unguento
243 958 355 1036 optimo
378 958 474 1018 tactis.
512 960 612 1018 cancri
639 961 747 1019 marini
769 958 815 1020 vel
878 961 915 1016 ib.

64 1043 223 1105 fluviatiles
253 1047 285 1106 in
317 1044 384 1107 cibo
416 1064 452 1106 ex
489 1046 554 1107 iure
592 1042 814 1127 (sumuntur).

65 1132 157 1194 alium
183 1133 276 1195 viride
304 1151 373 1195 cum
403 1135 460 1195 lico
490 1133 601 1214 duplici
628 1134 726 1196 alvum
749 1153 814 1196 eva·
843 1144 931 1209 aopi.

24 1231 52 1271 1⁰
65 1229 144 1283 cuat
181 1221 262 1283 scilla
285 1222 420 1284 subiecta
447 1223 564 1302 linguae
593 1225 673 1284 sitim
696 1242 814 1303 compe-
844 1234 931 1297 abab.

65 1312 133 1371 scit
169 1311 269 1372 scillae
297 1311 408 1374 bulbus
435 1319 594 1391 torretur,
609 1311 716 1373 deinde
744 1331 814 1392 pur·
843 1319 948 1387 203100.

65 1406 154 1478 gutur
184 1407 216 1460 et
246 1400 378 1462 medium
409 1402 475 1462 eius
501 1402 533 1461 in
564 1417 640 1480 aqua
667 1403 816 1482 coquitur,

65 1505 137 1549 cum
167 1487 318 1551 madidum
350 1496 397 1550 est
428 1491 581 1570 eximitur,
616 1507 654 1550 ex
686 1507 723 1549 eo
753 1497 839 1550 tres·

65 1575 148 1638 oboli
169 1575 278 1639 dantur
300 1580 385 1658 potui
407 1596 444 1639 ex
467 1578 554 1639 melle
577 1585 608 1638 et
630 1586 727 1639 aceto:
750 1596 815 1639 cva-

25 1673 52 1715 15
65 1673 174 1727 cuatur
195 1684 251 1746 per
272 1668 398 1728 urinam.
436 1668 537 1746 sinape
561 1674 591 1726 et
616 1667 691 1728 licus
714 1675 744 1727 et
767 1685 815 1747 cy·
844 1676 949 1740 20337.

64 1756 182 1815 minum
211 1758 313 1835 aequis
342 1754 479 1835 partibus
505 1763 573 1816 tusa
599 1757 696 1816 ventri
721 1757 814 1835 impo·
986 1770 989 1775 ⁴

64 1850 190 1904 nentur.
226 1843 302 1905 ficus
323 1846 419 1906 siccae
443 1850 615 1923 coquuntur
633 1850 665 1903 et
687 1862 724 1904 er
746 1845 815 1904 vino
843 1853 948 1917 rutae,

65 1939 98 1993 et
114 1930 272 2011 absynthio
289 1932 515 2013 suffunduntur,
538 1932 634 1992 farina
650 1930 816 1992 hordeacea

64 2019 166 2081 addito
194 2022 288 2082 nitro:
319 2024 418 2082 omnia
444 2023 476 2081 in
499 2039 593 2083 unum
616 2027 815 2081 conteruntur

25 2117 52 2158 ²⁰
65 2116 98 2170 et
119 2110 160 2170 ita
183 2111 387 2189 imponuntur.
424 2109 494 2170 lolia
511 2109 601 2189 myrti
623 2109 655 2169 in
673 2110 741 2170 vino
765 2110 814 2170 de·
843 2119 947 2183 talea.

65 2203 152 2259 cocta
175 2204 373 2260 conteruntur
390 2205 421 2259 ct
438 2216 475 2258 cx
494 2199 616 2258 eorino
639 2197 699 2259 duo
718 2196 815 2277 cyathi

63 2287 151 2367 potui
174 2286 290 2348 dantur.
327 2285 443 2348 radices
466 2284 600 2349 sambuci
623 2287 655 2347 in
672 2287 741 2347 vino
764 2285 813 2347 de·
843 2295 930 2359 24‚52.

65 2382 239 2455 coquuntur
266 2383 296 2436 et
327 2393 364 2436 ex
396 2374 500 2436 eodem
528 2376 596 2435 rino
626 2373 685 2435 duo
717 2375 816 2455 cyathi

140 2641 154 2690 1
180 2636 309 2705 ungutam
329 2651 360 2705 9,
387 2635 511 2718 pagatim
533 2634 561 2690 d.
620 2639 636 2687 2
659 2634 755 2704 portet
776 2650 806 2704 p:
834 2631 990 2704 portaverit
1011 2633 1081 2704 db!

65 2704 388 2762 vomitus-inlinuntur
414 2703 573 2774 (illinuntur
595 2705 622 2774 b)
648 2705 701 2774 pb:
727 2705 836 2760 vomitu
861 2704 961 2760 canino
984 2705 1083 2760 venter

63 2774 187 2832 illinitur
203 2776 230 2833 d.
280 2782 297 2831 3
316 2775 429 2833 sablone
448 2776 568 2847 &meno
584 2775 701 2831 litorum
715 2775 785 2846 Plu:
802 2775 833 2831 in
852 2774 950 2831 sabulo
964 2775 1000 2830 rb
1019 2774 1082 2843 (sub

63 2847 132 2904 Iove
145 2847 206 2918 Μ).
252 2845 360 2903 4εἱοοο
379 2846 447 2902 affre
461 2847 487 2902 d.
534 2853 684 2917 ogrevem
702 2845 837 2902 olentiem
851 2848 897 2904 dr.
948 2845 1083 2902 alluviu-

62 2917 132 2974 tn'ler
150 2934 179 2974 r:
198 2917 245 2974 -lia
263 2919 317 2989 db,
336 2916 504 2988 flu<males>
521 2917 554 2973 in
571 2932 626 2972 ros.
644 2927 691 2987 9⁰.
712 2918 717 2986 1
738 2921 885 2973 sumuntur
897 2934 926 2972 r:
945 2932 996 2975 orn.
1009 2918 1081 2988 pdb.

100 2994 118 3047 9
136 2988 191 3045 lieo
208 2990 260 3060 pb:
277 2989 333 3045 flou
350 2990 377 3046 d.
394 2991 399 3059 Ι
414 2988 510 3045 alvum
528 2988 788 3060 evocatorium:
807 2988 916 3044 malum
929 2990 1029 3044 evocat
1040 2988 1082 3058 od

65 3060 102 3129 (ot
120 3060 158 3117 ol.
176 3060 244 3131 boo)
263 3060 288 3116 b.
343 3067 378 3116 10
396 3058 483 3125 Scilla
501 3058 614 3129 (suuis
631 3058 925 3144 pl-compesoil‚yb:
949 3075 1001 3116 om.
1019 3059 1046 3114 d.

65 3136 99 3186 18
128 3130 262 3188 eximitur
287 3147 338 3187 orn.
357 3131 382 3186 b.
447 3137 482 3186 14
504 3127 576 3215 obili
597 3146 623 3200 p.
691 3134 725 3184 15
749 3128 882 3201 Smapem
908 3147 940 3200 p,
968 3130 1010 3200 -pi
1032 3129 1080 3197 dl

64 3236 151 3293 licum
158 3238 208 3307 φά
245 3243 280 3294 le
288 3235 458 3307 ponderibus
472 3238 529 3307 (red
541 3253 629 3306 supro
641 3252 692 3292 scr.
707 3236 837 3306 pertibus
847 3260 882 3282 ==
894 3236 963 3305 prb,
979 3235 1035 3302 Pl.)
1054 3235 1081 3290 d.

101 3313 137 3364 18
155 3307 362 3364 mbinndunbur
374 3325 399 3378 p.
446 3313 480 3362 19
498 3307 596 3363 addito
610 3306 684 3363 nitro
698 3309 750 3378 pb:
770 3307 867 3363 addite
880 3309 941 3375 (om.
954 3304 1040 3371 nitro)
1054 3305 1081 3373 d,

65 3377 168 3435 addita
187 3379 219 3434 ot
238 3377 314 3434 nitro
331 3396 355 3434 r.
419 3385 454 3435 20
471 3378 580 3434 mittini
596 3378 662 3434 vino
685 3379 712 3436 d.
776 3384 809 3433 21
829 3377 884 3433 duo
908 3375 985 3445 oyati
1002 3375 1081 3445 p(b):

66 3449 135 3505 oieti
153 3448 210 3506 dno
227 3450 248 3506 d
265 3452 305 3518 (11.
324 3453 362 3520 r),
382 3466 432 3506 om.
453 3451 499 3506 Pl.
553 3456 587 3504 22
607 3449 707 3506 sabuci
724 3465 751 3521 q.
