2384 3796
549 118 792 184 —184-

272 283 335 360 ipse
358 283 486 342 austeris
505 290 535 342 et
558 283 692 360 stypticis
715 280 799 341 adest
821 281 977 360 fermeque
995 283 1023 342 is
1047 281 1172 342 omnibus

273 387 348 448 quae
372 369 434 431 sola
460 372 491 430 in
519 369 617 430 hieme
645 376 814 430 servantur:
847 387 882 430 ea
901 372 936 431 ‘si
964 378 1082 432 matura
1106 370 1190 430 lecta-

273 466 304 519 et
327 458 486 519 salubriter
510 457 658 519 custodita
683 459 889 537 provenerint,
919 460 1012 520 etiam
1039 459 1163 539 prodesse

272 546 481 626 languentibus
508 547 670 607 adseverat.
711 544 840 625 denique
868 547 964 607 farina
991 547 1159 608 involutaio

273 635 367 696 calido
390 638 491 696 cinere
515 635 645 697 discocta
667 637 699 696 in
721 634 852 713 querelis
874 634 993 696 utiliter·
1012 643 1095 714 putat
1112 641 1172 694 sto-t

209 728 225 762 *
270 724 368 785 machi
390 725 552 785 nausiantis
571 725 681 784 ollerri.
717 730 818 802 potest
839 723 951 784 malum
968 726 1094 787 maxime
1112 739 1154 782 na·

272 815 386 873 tianum
414 815 588 892 sanguinem
622 814 795 892 reicientes,
826 811 978 891 pulmonis
1010 820 1041 873 et
1070 811 1152 872 iecoris

271 903 397 961 iniuriae
425 900 568 962 obnoxios
591 899 759 980 sublevare,
785 899 893 961 melius
918 907 1019 962 tamen
1047 903 1072 961 si
1090 915 1150 961 nun·

273 1007 361 1068 quam
383 991 491 1050 ieiunis
514 989 566 1051 sed
589 998 658 1070 post
675 988 776 1050 cibum
799 988 895 1050 detur.
932 992 977 1050 vis
1000 1007 1071 1069 ergo
1090 985 1150 1048 mohs

164 1076 384 1138 Gottaumida
407 1084 438 1138 et
460 1077 565 1157 frigida
588 1086 648 1160 est,
671 1076 750 1156 quod
773 1079 900 1138 maxime
923 1095 1020 1138 exeo
1044 1091 1148 1155 compre·
1185 1093 1190 1127 ι

271 1166 413 1227 henditur
426 1166 506 1245 quod
519 1185 611 1228 sucus
625 1169 676 1245 qui
694 1166 785 1227 luerit
799 1184 960 1245 expressus
974 1166 1058 1228 facile
1071 1162 1150 1228 transit

178 1256 212 1312 G.
226 1257 305 1317 ahin
328 1273 454 1316 acorem.
491 1257 619 1317 austeris
645 1262 745 1316 tamen
773 1254 858 1315 malis
881 1262 911 1316 et
938 1255 1031 1316 acidis
1052 1255 1150 1334 possunt

272 1347 403 1405 recentia
421 1343 544 1404 vulnera
563 1346 662 1405 statim
682 1342 779 1403 claudi
798 1345 823 1404 si
842 1345 972 1405 coutrita
989 1345 1148 1425 inponantur.

271 1441 404 1494 tumores
423 1440 512 1510 atque
531 1431 638 1493 livores
662 1450 698 1493 cx
717 1449 793 1510 aqua
813 1440 898 1494 cocta
916 1440 946 1494 et
966 1451 1036 1495 cum
1052 1427 1149 1506 mungb

271 1523 342 1581 trita
365 1528 567 1600 compescunt.

336 1608 384 1669 Fit
411 1627 447 1668 ex
475 1608 560 1668 malis
586 1608 742 1669 manlianis
770 1609 889 1688 optimis
918 1608 1018 1671 nobile
1051 1605 1148 1670 medica·

270 1704 405 1758 mentum
423 1696 502 1775 quod
525 1714 631 1775 graece
649 1697 770 1758 hedrice
790 1697 914 1778 dicitur,
937 1716 1081 1777 perquam
1099 1690 1148 1756 utile
1184 1692 1190 1729 ²

270 1794 359 1866 atque
388 1786 491 1847 efficax
519 1789 544 1846 si
572 1786 689 1865 quando
716 1784 854 1846 verendis
881 1785 1018 1865 partibus
1040 1780 1148 1862 condylo

270 1882 361 1956 mata,
388 1874 434 1936 vel
456 1874 580 1954 papulae
604 1877 770 1935 eminentes
792 1891 866 1952 quas
889 1875 1047 1937 cacoethes
1069 1866 1149 1936 medici

269 1970 388 2045 vocant,
425 1963 471 2023 vel
504 1962 612 2024 callosa
643 1980 712 2042 pars
744 1964 842 2022 carnis
879 1966 1055 2026 excreverit.
1104 1960 1148 2020 eiu

270 2053 446 2131 compositio
465 2051 531 2113 talis
550 2059 604 2112 est.
641 2051 717 2113 mala
736 2052 854 2111 concisa
869 2059 900 2112 ct
917 2053 1045 2113 interius
1062 2051 1149 2131 lignosa

268 2147 354 2220 parte
382 2147 506 2219 purgata
533 2139 625 2200 librae
649 2141 739 2201 unius
767 2138 922 2221 ponderis,
949 2140 1072 2202 adiectis
1092 2131 1149 2199 croti
1188 2205 1190 2225 Ι

268 2229 312 2289 εὀ.
327 2242 377 2310 vt,
400 2231 432 2289 in
454 2230 534 2308 passi
557 2231 685 2289 sextario
708 2227 918 2306 decoquuntur
941 2236 973 2289 et
995 2247 1064 2291 cum
1084 2236 1148 2288 cnut
1188 2228 1190 2241 '

269 2318 454 2399 concoxerit,
480 2325 541 2378 tam
569 2317 620 2378 diu
644 2335 712 2377 cum
739 2315 828 2396 pulpa
851 2315 882 2376 id
910 2324 956 2378 est
984 2316 1065 2379 molli
1088 2310 1149 2396 parit

120 2535 125 2545 .
235 2471 737 2541 lodesseeitl.tis:hispvl(rb).
783 2461 1149 2541 asotainpohinoolcrt

197 2548 213 2598 3
232 2542 363 2612 prodesse
382 2559 431 2598 om.
451 2545 469 2598 l.
533 2548 550 2596 4
569 2542 715 2597 adseverat
731 2544 778 2610 psl.
804 2543 809 2610 l
833 2540 863 2595 in
879 2557 932 2612 ps:
960 2543 992 2597 et
1008 2541 1038 2597 in
1053 2539 1127 2607 cdd)-

162 2618 179 2667 5
198 2613 336 2669 stomachi
353 2616 419 2684 pot:
439 2614 534 2669 -chnm
551 2614 596 2669 rh.
652 2619 668 2667 6
687 2611 785 2667 Potest
801 2627 869 2667 vero
886 2629 924 2667 ιιι.
937 2613 983 2667 rb.
1000 2611 1150 2678 tmotiouu

162 2684 251 2753 l(rb):
274 2686 442 2739 meltianum
460 2701 506 2754 pv.
567 2682 761 2738 treieientes:
786 2681 876 2738 -hibus
891 2683 1023 2754 cuthb).
1076 2675 1150 2738 asub

162 2754 257 2811 levare
269 2756 335 2825 pol:
354 2757 480 2811 relevare
494 2756 539 2811 rb.
587 2761 620 2809 10
634 2753 731 2809 umida
748 2753 909 2824 (humidat)
927 2755 994 2824 pol:
1013 2755 1044 2809 et
1059 2745 1152 2808 bumidt

161 2826 378 2893 chlmoxime
401 2842 435 2880 ex
458 2842 539 2896 eop:
567 2824 918 2895 exeomaximsol(rb).
983 2831 1017 2880 12
1035 2826 1066 2880 in
1081 2828 1152 2897 matu

160 2912 221 2951 ram
238 2897 256 2950 l.
272 2899 276 2964 Ι
293 2896 423 2951 austeris:
442 2896 552 2952 Hausta
570 2898 587 2951 l.
635 2902 667 2951 13
687 2895 823 2952 contrita:
844 2895 986 2964 contrario.
1000 2897 1019 2952 l.
1063 2902 1095 2951 te
1111 2904 1152 2947 ou·

160 2967 281 3022 malibus
305 2966 418 3036 optimis
446 2967 569 3036 (obtimis
587 2969 615 3037 p)
638 2968 752 3037 potor:
780 2981 831 3021 om.
849 2967 895 3022 rb.
926 2983 983 3036 pro
1006 2963 1153 3022 animalibut

159 3039 259 3107 scripsi
283 3037 441 3095 ldanlianis.
514 3044 547 3093 17
571 3037 683 3094 hedrice
711 3038 760 3093 rb:
787 3037 898 3093 aedrioe
920 3039 970 3107 qt,
999 3037 1091 3094 edrico
1109 3051 1130 3089 o.

163 3115 196 3164 18
206 3111 291 3179 atque
300 3110 366 3178 pol:
382 3109 464 3164 etrb.
481 3110 485 3178 Ι
501 3109 642 3164 verendis:
656 3107 779 3165 intendis
789 3108 848 3176 (sic)
862 3109 928 3178 pol,
941 3108 973 3163 in
986 3107 1112 3166 verendis
1122 3102 1154 3159 rl·

188 3186 221 3234 19
249 3180 397 3236 cacoethes
420 3196 478 3250 epo:
507 3180 643 3236 exacodas
666 3181 726 3250 (sic)
748 3179 872 3250 Μή).
933 3185 968 3235 20
986 3179 1091 3236 callosa
1110 3188 1155 3246 epo:

160 3251 397 3321 cal(caul)culosa
418 3252 521 3322 potrh.
545 3251 548 3322 l
578 3251 732 3306 excreverit
755 3251 821 3319 pot:
854 3248 908 3305 -oit
930 3251 975 3306 rb.
1002 3253 1007 3319 Ι
1032 3251 1089 3307 cius
1104 3244 1156 3320 pol:
1188 3276 1190 3281 ·

160 3324 292 3379 cuiusrb.
326 3328 360 3377 22
371 3322 502 3393 ponderis
510 3324 576 3393 qvi:
591 3338 633 3377 -re
643 3323 687 3377 rb.
726 3327 759 3376 23
770 3325 806 3378 ic.
816 3341 846 3377 ιι
854 3337 905 3391 qo:
915 3316 1158 3404 scrupulissexbll,

159 3394 282 3465 scrypuli
295 3414 332 3450 vr.
346 3396 380 3462 r).
422 3400 457 3449 24
474 3394 554 3450 molli
572 3393 653 3463 penis
666 3395 717 3447 aut
734 3407 820 3464 epyro
834 3407 893 3462 epo:
913 3391 1104 3464 molhs-psuis
1121 3387 1160 3445 sol

161 3465 242 3534 opyri
261 3465 343 3537 (epiri
357 3467 399 3536 ol)
417 3467 482 3537 pol,
501 3465 581 3522 molli
599 3481 685 3535 pane,
704 3467 735 3518 et
750 3463 872 3533 tinaperi
890 3463 930 3531 (et
947 3463 1070 3535 tiuspori
1082 3467 1107 3536 r)
1123 3460 1160 3518 rb
