2416 3802
493 201 735 266 -148-

211 383 299 444 quam
332 381 434 427 semen
471 362 544 423 adeo
577 363 766 425 suavissimas
798 363 897 425 reddit
935 371 970 425 ut
1002 364 1073 425 inde
1102 383 1117 425 a

211 452 330 514 Graecis
353 468 492 514 euzomos
515 453 666 513 nominata
687 453 735 514 sit.
835 508 840 513 .

275 584 349 640 XV.
381 583 432 639 Do
454 595 596 653 popone.

148 692 163 724 *
275 683 399 744 Melonis
417 701 491 743 usus
515 690 561 743 est
584 683 703 761 quidem
723 684 848 763 gratior,
871 701 977 745 verum
1000 684 1113 747 difficile

211 773 407 851 concoquitur
425 779 549 851 propter
567 770 732 832 naturalem
746 773 885 851 rigorem.
913 779 944 833 et
964 772 1035 834 ideo
1047 791 1112 835 non-

210 860 284 922 nulli
312 879 380 943 cum
408 868 655 941 acetosumunt,
681 859 815 939 puleium
838 861 867 920 ei
894 868 925 921 et
952 879 1044 942 cepas
1069 860 1131 923 acl-a

210 951 353 1030 miscent,
377 966 436 1028 quo
458 950 595 1010 nocitura
617 951 662 1009 vis
684 949 805 1028 frigoris
827 955 1025 1030 temperetur.

132 1035 177 1089 Pl.
276 1037 357 1117 Pcpo
371 1039 403 1097 in
423 1035 489 1098 cillo
503 1036 604 1099 levior.
632 1055 700 1098 nam
721 1038 853 1099 detracta
867 1045 937 1100 cute
951 1057 985 1100 ao
1005 1040 1109 1101 semine
1150 1068 1152 1087 =

120 1111 190 1175 ²⁰2⁶·
210 1125 325 1188 abiecto
339 1127 405 1187 esui
424 1124 509 1187 datus
528 1125 671 1188 stomachi
690 1128 853 1207 compescit
866 1124 1004 1209 ardores,
1023 1128 1108 1189 alvum

208 1216 316 1277 leniter
334 1214 437 1276 mollit.
474 1222 577 1277 coctus
598 1233 635 1276 ex
653 1233 728 1296 aqua
751 1233 821 1276 cum
839 1214 905 1276 oleo
926 1223 1013 1277 aceto
1031 1215 1106 1277 mede
1150 1244 1152 1257 ·

208 1305 421 1366 iucundissime
445 1306 581 1372 sumitur.
614 1321 683 1364 caro
702 1305 767 1365 eius
790 1305 919 1384 inposita
941 1304 1037 1366 fronti
1056 1278 1152 1385 glo-¹·l

208 1401 309 1455 rantes
332 1392 488 1453 oculorum
510 1393 640 1472 epiloras
662 1393 739 1453 miro
757 1390 845 1452 modo
868 1394 993 1472 mitigat.
1018 1390 1105 1455 inlecta

207 1484 239 1542 in
263 1481 385 1543 modum
407 1481 464 1541 favi
488 1487 640 1561 concreta,
669 1498 745 1559 quac
769 1481 849 1541 ceria
872 1480 979 1561 Graeci
1001 1487 1104 1561 vocant,

208 1570 278 1631 trita
306 1569 405 1630 radice
436 1568 596 1648 pelluntur.
642 1568 828 1649 adsignatum
856 1570 962 1631 cortici
990 1572 1055 1632 cius
1077 1574 1104 1630 ul

206 1657 337 1719 maculas
356 1676 392 1718 cn
415 1657 489 1718 facie
509 1658 573 1718 sinc
590 1659 667 1738 signi
684 1658 809 1737 vestigio
832 1656 976 1720 detrahat.
1014 1674 1103 1720 semen

206 1749 239 1807 in
260 1746 415 1826 pulverem
437 1765 556 1807 versum
579 1746 769 1826 lomentoque
791 1748 975 1827 permixtum
997 1745 1129 1809 muniet

207 1854 271 1897 rem
294 1837 413 1896 leminis
436 1843 535 1896 cutem
557 1841 696 1915 praestat.

99 2056 101 2060 ⁸
133 2004 188 2070 (ao)
291 1994 377 2051 Eruca
403 1993 514 2050 calidam
541 1995 670 2050 virtutem
697 1994 778 2051 habet
808 2001 838 2051 et
864 1996 1027 2060 causticam,
1057 2008 1103 2050 nou

208 2086 296 2134 tamen
316 2079 427 2134 nimium
447 2085 571 2135 austerae
592 2080 749 2154 ignitaeque
769 2079 877 2136 virtutis
897 2087 950 2136 est.
987 2092 1104 2137 venem

207 2164 320 2220 marimo
341 2162 463 2218 stimulat
484 2164 512 2218 lu
533 2161 594 2220 cibo
617 2172 741 2238 sumpta,
763 2163 932 2239 digestiones
955 2163 1037 2238 lacit,
1057 2163 1105 2221 uri·

206 2263 267 2303 nam
291 2255 391 2304 movet.
425 2263 519 2302 semen
546 2248 605 2303 eius
634 2249 728 2304 tritum
750 2264 813 2305 cum
838 2249 933 2323 pipere
961 2257 1057 2324 potum
1077 2245 1138 2304 ex*

207 2333 269 2387 vino
293 2347 416 2387 venerem
438 2340 538 2388 movet.

131 2481 187 2548 (50)
290 2467 364 2542 Pepo
379 2478 421 2526 est
443 2469 555 2527 nimium
571 2468 704 2543 frigidus,
726 2467 837 2526 difficile
851 2469 987 2545 digeritur
1001 2478 1108 2546 propter

208 2553 355 2610 naturalem
378 2555 507 2628 rigorem.
544 2552 607 2610 idco
629 2553 754 2610 nonnulli
770 2570 832 2611 cum
853 2563 933 2612 aceto
948 2562 1111 2613 consumunt

207 2645 235 2693 et
256 2653 318 2694 cum
332 2635 423 2711 aliquo
438 2636 544 2711 calido,
567 2644 600 2693 ut
620 2653 703 2711 cepae
718 2645 765 2694 aot
779 2637 916 2712 puleium,
938 2641 1110 2714 permiscant

207 2737 301 2777 carnes
317 2722 374 2777 eins
390 2721 532 2778 oculorum
548 2721 683 2777 fervorem
697 2722 810 2778 tollunt.
840 2739 932 2779 semen
943 2726 1006 2780 eiua
1020 2726 1110 2781 tritum
1122 2728 1146 2773 ὕ

207 2822 267 2860 cum
283 2806 345 2861 vino
361 2815 455 2880 polum
479 2807 574 2862 canino
590 2807 694 2862 morsui
716 2805 850 2865 subvenit.
879 2807 1029 2883 mingitur,
1050 2824 1112 2884 ego·

207 2891 277 2944 ritur
299 2896 326 2944 et
348 2889 432 2947 inflat.

206 2989 419 2996 —————.-

171 3055 410 3125 aetzomvs9
433 3056 496 3124 (litt.
515 3057 590 3123 mad,
620 3056 686 3112 mio.
707 3057 749 3125 ir,
776 3058 882 3126 graecia
900 3058 936 3127 b).
1001 3060 1044 3115 tit.
1072 3057 1113 3115 De

99 3126 208 3180 melone
226 3126 253 3180 d.
308 3132 324 3179 ὁ
344 3129 457 3181 sumunt
475 3128 505 3182 et
521 3146 548 3197 p.
568 3128 609 3182 ld.
626 3129 630 3196 Ι
645 3126 772 3197 puleium
789 3129 903 3197 gld(r):
921 3128 1070 3200 pulegium
1088 3130 1114 3185 d.

135 3198 373 3251 inamoeno.
428 3199 616 3267 scompescil
633 3214 683 3254 ooo.
702 3199 751 3263 eil
771 3203 801 3253 et
819 3198 913 3253 alvum
930 3200 958 3254 d.
1013 3206 1116 3257 tcum

98 3271 178 3324 aceto
188 3267 297 3324 eloleo.
314 3269 318 3335 Ι
334 3268 411 3337 (old)
424 3268 509 3323 melle
523 3270 564 3324 ld.
602 3269 842 3325 10iocundissims
855 3270 919 3340 yid.
935 3272 941 3338 1
956 3269 1116 3341 glareanus:

97 3340 138 3394 sic
155 3356 246 3423 omnes
263 3339 337 3407 (fort.
352 3338 528 3422 glureantps).
575 3345 608 3394 12
627 3340 720 3395 theris
731 3342 789 3424 ραι
804 3339 901 3396 cherin
913 3341 945 3396 ἰν
959 3344 1079 3424 μηρία).

92 3410 1118 3557 tt,diffidunt1l⁸t¹a¹ltttfq¹¹tlllnta¹²tntutudit

78 3549 244 3615 [lomento.-
263 3552 359 3610 lamna
374 3554 433 3626 PL,
450 3548 567 3626 ἀλεύρῳ
583 3554 678 3609 Diosc.
712 3559 750 3607 lt
761 3570 793 3609 n.
803 3554 1021 3610 cumulaturum
1028 3558 1119 3627 μᾶ.
