2384 3796
487 125 707 187 ,16-

424 285 679 355 Quemadmodum
708 286 904 365 denigremur
926 285 1104 347 monstrabi-

224 384 329 445 teuue.
357 392 432 434 mus.
468 393 556 434 crum
575 377 729 435 corvinum
747 377 778 434 in
797 393 891 434 aeneo
907 393 978 434 vase
996 377 1105 455 permi-

357 471 471 543 scetur,
503 463 610 523 deinde
638 482 707 523 raso
738 465 835 542 capite
864 466 895 522 in
921 461 1031 523 umbra
1062 466 1105 524 in·

356 551 467 611 linitur.
503 551 613 611 hahere
636 551 726 612 debet
752 555 784 611 in
807 570 859 611 cre
882 551 982 611 eleum
1005 554 1032 611 is
1055 552 1106 632 qui

357 639 511 699 curabitur
546 640 641 699 donec
678 642 820 700 siccescat
857 658 961 720 crum,
982 653 985 656 ’
1003 659 1042 700 ne
1078 641 1128 707 eis

357 729 462 787 dentes
489 728 706 806 denigrescunt.
752 738 858 806 quartu
886 729 934 787 die
966 727 1105 792 abluitur.

241 826 328 887 3268.
358 819 507 876 sextarius
521 819 768 894 sanguisugarum
783 820 814 876 in
831 815 950 876 duobus
968 817 1107 877 sextariis

356 907 432 963 aceti
460 903 566 964 diebus
588 919 635 964 xi.
664 914 832 965 maceratur
859 921 896 963 ex
918 904 984 963 cleo
1008 899 1109 985 tritus,⁴

356 993 461 1051 deraso
476 994 566 1071 capiti
579 995 611 1052 in
626 993 731 1052 umbra
750 993 894 1052 inlinitur.
927 993 999 1052 dum
1014 995 1106 1054 sicce·

356 1088 432 1160 scat,
463 1084 541 1140 sicut
570 1084 710 1160 superius
741 1081 955 1160 praediximuS,
986 1083 1018 1140 in
1052 1099 1104 1141 ere
1117 1094 1140 1134 ιο

223 1179 327 1240 ealce.
356 1168 454 1228 oleum
482 1169 645 1229 tenendum
673 1178 728 1229 est.
769 1168 894 1247 siliquae
925 1171 989 1228 eru·
1019 1171 1106 1247 prius

356 1275 445 1335 quam
467 1268 639 1317 exarescant
663 1275 789 1317 numero
809 1271 832 1316 Ι,
853 1275 922 1316 rum
939 1258 1003 1317 suis
1027 1256 1105 1317 foliis

356 1355 385 1404 et
409 1345 543 1406 caulibus
571 1354 769 1405 conteruntur
791 1354 822 1405 et
848 1347 937 1424 capiti
964 1363 1033 1404 raso
1061 1348 1105 1405 in·

240 1443 327 1503 24,15.
355 1433 498 1493 linuntur.
536 1433 605 1492 iulia
629 1437 764 1512 cupressi
786 1436 856 1494 trita
878 1453 915 1492 ex
933 1441 1017 1493 aceto
1042 1433 1104 1494 effi-

240 1532 326 1591 2426.
355 1523 438 1580 ciunt
457 1530 490 1580 ut
509 1521 606 1600 capitii
624 1525 701 1600 nigri
720 1531 921 1582 renascantur.
949 1521 1138 1600 spondylion

354 1612 499 1687 peruncti,
516 1613 608 1688 crispi
630 1611 714 1669 fiunt.
1083 1660 1085 1665 .

422 1697 537 1777 Operae
560 1700 691 1778 pretium
715 1707 761 1758 est
787 1701 813 1757 is
841 1701 893 1777 qui
920 1697 1104 1758 erubescunt

356 1804 443 1846 senes
471 1787 565 1846 rideri
593 1805 771 1846 succurrere
799 1795 829 1846 et
857 1789 883 1846 si
915 1805 1005 1846 canus
1032 1805 1104 1846 sues

356 1875 477 1935 inficere
506 1874 622 1954 mlum,
650 1883 800 1954 tamquam
820 1893 913 1934 annus
938 1875 1105 1935 detracturi

230 1975 327 2034 30‚134
355 1965 415 2023 sint
445 1964 503 2024 hcc
539 1966 658 2024 nomine
694 1965 796 2044 aetati,
831 1966 976 2024 rermium
1008 1972 1102 2023 terre·
1115 1975 1137 2016 n

354 2069 462 2110 uorum
485 2054 617 2111 cinerem
640 2053 767 2112 adiciant
789 2054 820 2110 in
843 2051 909 2111 cleo
932 2070 992 2130 qrru
1014 2059 1104 2130 caput

353 2149 552 2217 perunguant.

424 2305 482 2358 VI.
505 2304 688 2358 Auriculis.

420 2421 557 2481 Proxima
572 2422 644 2481 mihi
659 2422 777 2482 ridetur
791 2439 862 2482 cura
875 2422 1005 2499 aurium,
1024 2439 1103 2498 quae

354 2512 558 2570 aridissimum
568 2509 701 2570 delorem
711 2511 843 2571 inierunt
856 2507 944 2570 simui
953 2515 987 2568 ut
996 2526 1102 2588 passae

157 2685 275 2760 teerep
296 2679 342 2732 Pl.
366 2681 370 2746 ἰ
394 2679 457 2735 oleo
475 2680 660 2763 permiscetur
676 2681 721 2734 rb.
740 2681 775 2747 cf.
791 2681 839 2764 131.
856 2680 919 2749 (K).
973 2681 1102 2765 despite

86 2751 158 2819 prb:
178 2752 265 2819 caprtr
282 2750 302 2805 d
320 2752 362 2818 (et
379 2753 439 2818 9⁶).
512 2757 529 2804 5
548 2755 684 2806 necessat
699 2753 771 2834 prii:
791 2752 911 2806 siccetur
928 2751 955 2804 d.
1024 2757 1041 2805 6
1060 2769 1103 2806 m-

86 2821 280 2983 epte·
307 2820 575 2995 {elma-c
594 2822 1010 2978 incessendi
1026 2822 1102 2963 aa

87 2961 261 3088 {died
291 2965 430 3087 titi
447 2964 775 3103 diffiditis,
795 2962 1102 3104 diffidi?

87 3119 309 3172 quam-nom.
328 3105 413 3186 riam
435 3110 467 3157 12
486 3121 702 3187 nnmegoncm.
722 3105 768 3159 Pl.
787 3105 923 3188 adiere..
949 3176 956 3188 ι
980 3111 1101 3186 ,13οου-

87 3175 214 3256 terentur
226 3174 271 3228 rb.
298 3176 302 3239 Ι
327 3178 415 3243 caprtr
427 3176 503 3243 patu:
513 3177 611 3257 ‘eapite
624 3193 649 3230 r.
674 3176 679 3245 Ι
698 3191 767 3258 ⁸rpeo
780 3191 831 3231 orn.
841 3176 868 3232 d.
888 3179 894 3243 1
913 3175 1101 3258 rlirmunturd

87 3247 221 3311 (urentur
238 3245 295 3314 rb).
370 3252 402 3299 15
421 3245 561 3314 apondrho
579 3247 599 3300 d
616 3246 747 3316 (spodrlre
764 3247 823 3315 rb)=
847 3247 977 3317 spondrlo
994 3263 1021 3316 9.

88 3315 216 3371 ttiad:
240 3315 370 3383 hieprd
444 3322 477 3370 18
496 3333 576 3370 aenea
595 3333 654 3371 esse
671 3318 716 3372 rb.
742 3319 747 3385 Ι
771 3317 808 3372 ei:
834 3317 875 3372 eie
891 3333 918 3386 9.
990 3323 1024 3371 21
1043 3317 1100 3372 adi·

85 3388 226 3524 cat:
259 3385 856 3525 mr..
874 3391 1053 3459 m...
1069 3404 1100 3458 ⁹·
