2384 3796
418 87 659 151 —165—

26 257 183 311 tormenta
210 249 364 311 subeunda
387 258 465 311 sunt.
508 250 560 310 sed
582 250 639 310 hoc
668 268 778 329 genere
801 253 943 311 tormenti

27 347 62 400 et
85 356 175 399 umor
197 340 302 418 capitis
321 340 465 399 avertitur
488 340 540 418 qui
559 341 731 400 caecitatem
750 339 844 400 oeulis
863 358 942 399 com-

26 430 164 488 minatur
196 429 307 506 quique
340 427 491 488 stomacho
524 435 612 506 atque
641 427 775 507 pulmoni
803 445 871 489 acer
898 430 942 488 in-

27 517 161 578 stillatus
192 515 320 576 letaliter
351 517 387 576 ad
423 515 545 596 pthisim
572 518 743 596 praestruit.
791 525 821 578 ct
852 535 942 577 coxae

27 605 152 667 dolores
170 623 225 684 per
239 606 353 665 vesicas
367 612 399 665 et
416 604 552 685 pustulas
571 605 763 686 digeruntur,
782 613 811 666 ct
831 605 942 684 splenis

26 705 134 756 tumor
167 693 292 754 solvitur
324 711 357 753 ac
389 695 557 753 iocinerum
588 694 751 773 indignatio
784 693 944 775 relaxatur,

28 792 63 844 ct
95 781 268 862 hydropicis
299 784 436 843 innatans
465 801 553 843 umor
584 785 643 842 iam
674 801 733 843 non
765 801 943 843 reversurus

27 872 179 932 hauritur.
230 873 313 932 aiunt
344 879 374 932 et
406 870 584 950 lethargicos
621 873 758 953 excitari,
795 874 820 932 si
851 871 943 952 pedes

28 978 140 1022 eorum
162 959 251 1020 simul
273 961 353 1020 tritis
377 961 472 1038 sinapi
495 966 526 1020 et
548 961 605 1020 tico
629 961 711 1021 arida
733 960 943 1040 perfricentur.

10 1067 89 1110 ·nos
116 1050 237 1108 interim
264 1047 398 1108 deauco
425 1048 517 1108 locuti
546 1067 650 1108 sumus
674 1051 725 1128 qui
753 1051 865 1109 semine
894 1067 943 1108 ex-

28 1139 187 1218 primitur,
214 1137 363 1197 admixtus
390 1136 505 1196 scilicet
532 1155 612 1197 nnnc
640 1155 732 1216 aquae
757 1155 837 1197 nunc
865 1136 945 1196 melli

30 1228 62 1300 si
81 1243 156 1286 usus
180 1227 321 1304 exegerit.
358 1232 404 1285 est
423 1232 453 1285 ct
471 1224 550 1286 aliud
573 1225 653 1305 quod
673 1244 709 1286 ex
728 1226 811 1286 caule
834 1224 944 1304 colligi-

28 1305 97 1376 tur:
120 1298 169 1374 hh
188 1332 257 1375 cum
275 1315 434 1394 inanirent,
457 1312 582 1374 lacteam
602 1314 673 1374 facit
690 1321 817 1394 guttam,
841 1313 944 1373 utilem

29 1401 174 1464 dentibus
193 1405 219 1464 si
241 1405 272 1463 in
292 1401 394 1462 dolore
413 1402 579 1463 mandatur.
616 1402 735 1482 elegans
754 1421 791 1463 cx
809 1421 845 1462 eo
865 1402 945 1463 velut

10 1511 19 1550 1
33 1491 202 1554 antidotum
216 1490 330 1551 Plinius
344 1490 442 1551 tradit.
471 1509 540 1551 nam
555 1509 657 1552 semen
671 1493 782 1572 sinapis
797 1491 944 1552 eiusdem-

31 1598 92 1661 que
115 1579 232 1641 radices
259 1582 290 1640 in
313 1588 413 1640 musto
440 1582 588 1641 contineri
611 1579 708 1642 iubet:
735 1580 792 1641 hoc
816 1581 945 1641 colatum

30 1667 117 1749 putat
145 1667 274 1728 dandum
300 1670 380 1730 vitiis
409 1669 539 1730 faucium
569 1670 713 1746 stomachi
741 1671 846 1749 capitis
874 1687 943 1730 ocu-

30 1757 144 1839 lorum,
161 1759 276 1835 potioni
294 1757 415 1817 modum
435 1760 537 1818 statuit
557 1765 700 1837 quantum
716 1776 821 1818 manus
840 1757 944 1837 plenae

57 2112 62 2119 ’
87 2119 120 2168 ’2
140 2115 170 2167 et
187 2113 289 2168 humor
311 2111 446 2180 (umor'o)
469 2114 535 2181 θυῖε
558 2113 659 2167 humor
678 2114 738 2182 (om.
759 2115 797 2181 et)
816 2114 860 2168 υῖ.
916 2121 932 2167 3
951 2117 1051 2184 atque:

32 2186 83 2240 aut
101 2202 124 2240 r.
172 2189 190 2237 4
207 2182 349 2238 loetaliter
366 2199 404 2251 θυ
423 2183 577 2255 (lethaliter
590 2186 628 2253 υ),
647 2184 751 2238 loetale
769 2184 824 2239 iter
841 2186 858 2238 ῖ.
875 2186 880 2251 1
895 2185 1011 2254 pthisim
1025 2204 1051 2253 υ,

30 2255 130 2326 ptisim
143 2271 174 2325 θ,
193 2253 290 2324 ptysin
303 2254 386 2322 l(rh).
436 2259 452 2307 6
466 2254 621 2309 iecinorum
634 2255 679 2309 rb.
726 2261 741 2309 't
756 2254 896 2325 ydropicis
909 2271 939 2324 θε
958 2255 1051 2310 hidro-

31 2367 113 2440 (ydro
128 2365 231 2437 opicus
248 2368 290 2423 υῖ.
310 2367 315 2435 Ι
339 2366 469 2421 innatans
490 2368 590 2436 poor:
617 2329 736 2423 unditus
761 2369 816 2436 (sic
837 2384 925 2438 sopra
942 2371 1009 2438 scr.)
1034 2371 1051 2438 l,

29 2437 172 2494 minitans
185 2438 231 2493 r't.
253 2440 257 2506 Ι
277 2437 335 2493 iam
351 2438 466 2508 potor:
494 2440 555 2493 tam
573 2439 618 2493 rh.
679 2445 694 2493 8
713 2438 885 2509 lethargicos
903 2439 985 2508 (Pl.):
1013 2440 1051 2494 le-

29 2511 97 2566 ther
164 2510 219 2580 θυῖ
237 2509 278 2578 (b,
296 2508 442 2579 lythargos
460 2511 494 2578 υ).
546 2515 561 2563 9
581 2508 686 2579 sinapi:
704 2511 744 2564 oie
762 2510 892 2579 polteo).
910 2512 914 2577 Ι
930 2510 982 2564 fico
1000 2526 1052 2580 θυε

29 2582 87 2637 lieu
131 2580 200 2651 (υῖ).
217 2582 221 2649 Ι
238 2579 319 2634 arida
335 2581 450 2649 potor:
470 2580 559 2635 oriola
577 2581 621 2634 rh.
670 2586 703 2634 10
720 2581 781 2636 Nos
798 2582 864 2649 θυῖε
888 2581 970 2635 Nunc
988 2583 1050 2654 rh}

28 2650 151 2709 interius
169 2653 185 2708 ῖ.
252 2659 284 2706 11
309 2651 464 2707 admixtum
483 2651 531 2706 -tis
554 2653 609 2720 θυῖ
623 2652 688 2721 (rh).
710 2653 714 2720 Ι
739 2668 813 2724 aque
837 2655 921 2722 (aque
939 2654 980 2722 ol)
1001 2695 1051 2708 ...

28 2720 112 2780 melli
128 2724 196 2792 θυῖε
215 2739 290 2792 aqua
311 2763 361 2777 ...
380 2724 464 2778 mello
483 2723 528 2777 rb.
588 2727 621 2776 12
641 2722 767 2792 exegerit
783 2724 850 2791 θυῖε
875 2723 968 2793 exigit
984 2725 1029 2780 υῖ).
1048 2727 1051 2797 l

27 2794 111 2851 aliud
129 2793 339 2864 quodpotor:
369 2794 440 2849 alius
459 2793 597 2863 quietat
624 2810 658 2847 ex
675 2794 742 2862 θυῖε
769 2810 820 2849 om.
839 2795 883 2848 rh.
940 2801 973 2848 13
992 2795 1052 2850 hic:

26 2867 84 2923 hoo
98 2865 150 2920 br.
167 2869 172 2934 1
187 2863 325 2920 inaruerit
342 2863 508 2934 (inharuerit
520 2867 548 2935 θ)
566 2866 632 2933 θυῖε
651 2863 819 2919 inhaurierit
832 2867 888 2936 hm,
906 2882 1053 2935 expressus

26 2936 119 2994 inerit
135 2937 180 2993 rb.
236 2941 271 2991 14
288 2936 439 2991 mandatur
456 2938 499 2991 υῖε
518 2935 671 2990 mundatur
689 2936 761 3004 (cum
778 2954 798 2989 u
815 2952 849 2991 ex
867 2953 885 2992 a
903 2939 1007 3006 operto)
1025 2954 1051 3007 θ,

25 3006 171 3064 illiniaiur
188 3008 232 3062 rb.
255 3009 260 3077 l
284 3007 510 3078 alagona-(15)
528 3023 594 3062 nam
613 3008 679 3077 θυῖε
706 3007 809 3077 Fitque
832 3009 946 3077 elegans
965 3024 1052 3063 exeo

25 3079 192 3139 antidotum
210 3077 284 3133 sicut
296 3078 442 3134 docuimus
467 3080 518 3147 (oio
535 3079 708 3133 dissimulato
729 3079 840 3134 υυυυῖυυ
854 3080 956 3148 Ρῖῖυῖῖ)
970 3080 1015 3134 rb.

26 3156 64 3208 15
88 3149 197 3207 aomina
223 3192 229 3205 .
252 3191 258 3204 .
279 3190 285 3203 .
308 3149 451 3204 radicibus
473 3167 496 3204 υ.
558 3156 591 3205 16
614 3149 644 3204 in
662 3152 755 3205 musto
773 3166 823 3220 θυε
851 3149 912 3205 vini
929 3150 1015 3204 musti
1034 3151 1052 3217 l,

23 3225 60 3280 in
88 3227 188 3277 musco
214 3222 260 3275 rh.
285 3223 290 3289 Ι
319 3219 456 3276 contineri
475 3222 609 3291 —putat
630 3222 696 3289 θυῖε
729 3235 779 3276 om.
808 3220 852 3275 ab.
922 3226 956 3275 17
984 3220 1051 3274 dan-

24 3295 98 3351 dum
125 3293 193 3363 pol:
221 3291 266 3360 (in
292 3294 403 3362 musco)
430 3291 513 3346 datur
535 3293 580 3348 rh.
663 3297 697 3347 18
719 3291 835 3346 modum
863 3291 963 3346 statuit
984 3291 1053 3358 θυῖε

21 3365 115 3423 modo
142 3364 250 3489 ailptuto
277 3364 325 3418 rh.
357 3362 361 3434 l
393 3363 494 3433 plenae
528 3365 593 3436 (ne
620 3379 651 3431 θ,
684 3371 734 3416 -ne
764 3364 787 3432 l)
819 3378 949 3417 mensura
975 3362 1052 3430 θυῖε

19 3438 115 3511 plena
141 3451 188 3491 r.
