2384 3796
511 138 754 204 -112-

392 302 527 384 pastillos
548 302 691 383 ponderis
709 301 870 382 victoriati,
893 299 1002 362 deinde
1025 302 1058 362 in
1077 319 1149 362 raso

393 395 488 453 vitreo
524 399 687 471 ponuntur.
738 408 807 450 oum
839 388 943 451 utendi
980 392 1149 451 necessitas

393 483 489 563 venit,
512 480 621 561 singuli
643 478 752 560 pastilli
775 479 884 540 dantur
907 496 944 539 ex
966 481 1039 540 vino
1063 481 1149 541 mixti

394 570 506 650 cyathis
529 569 634 632 tribus.

259 668 365 735 uulso.
460 658 596 720 Hominis
626 659 741 719 morsui
769 675 874 718 carnes
905 656 1054 740 bubulae,
1087 659 1174 720 eiii-⁵

394 749 494 809 casius
516 747 600 809 vituli
622 749 818 828 imponuntur
845 764 943 826 neque
970 755 1045 809 ante
1070 746 1151 808 diem

277 846 366 911 nuto.
393 838 532 916 quintum
572 836 736 898 solvuntur.
786 835 891 896 sordes
927 853 964 895 ex
1008 835 1151 898 humanis

393 924 516 987 auribus
538 925 707 986 inlinuntur
728 924 839 1004 plagae.

460 1125 651 1184 xxxvm.
675 1124 803 1182 contra
825 1124 989 1196 aspidem.

277 1255 366 1320 tuoe.
459 1245 609 1308 Adversus
619 1245 729 1326 aspidis
743 1263 876 1307 morsum
885 1257 979 1307 unum
994 1246 1152 1326 retugium

392 1335 540 1402 habehant
557 1337 675 1416 priores
693 1341 727 1396 ut
744 1352 907 1414 percussus
921 1336 1045 1396 urinam
1064 1354 1151 1397 suam
1164 1356 1187 1397 u

392 1423 518 1485 biberet.
554 1426 632 1484 intra
649 1440 761 1503 pauoos
779 1441 873 1486 annos
893 1441 965 1485 casu
986 1424 1151 1487 inventum

277 1522 364 1586 repo.
393 1519 439 1573 est
467 1520 497 1573 et
524 1512 652 1574 alterum
678 1511 852 1574 remedium.
889 1529 1020 1593 namque
1045 1515 1072 1574 is
1097 1516 1150 1593 qui

393 1609 492 1662 utrem
518 1601 641 1680 plenum
668 1603 745 1664 aceti
771 1600 886 1662 ferebat
914 1619 1082 1681 percussus
1112 1602 1148 1664 ab

392 1688 493 1770 aspide
517 1689 650 1751 dolorem
672 1708 733 1752 uon
756 1691 861 1772 sensit,
884 1689 980 1752 donee
1003 1691 1148 1772 fatigatus

391 1778 601 1860 requiescendi
632 1780 727 1859 gratia
757 1787 857 1840 utrem
889 1777 1038 1859 deposuit.
1084 1799 1146 1862 quo
1160 1808 1183 1850 u

392 1869 470 1930 iacto
497 1869 662 1949 perniciem
689 1869 802 1929 sentire
830 1869 941 1950 eoepit,
973 1887 1146 1951 rursusque

391 1958 531 2037 imposito
560 1955 617 2018 sibi
645 1962 712 2017 utre
745 1956 842 2018 desiit.
882 1956 1072 2022 intellectum
1098 1968 1147 2021 est

392 2045 472 2124 quod
508 2047 534 2107 si
570 2053 688 2107 acetum
723 2044 861 2128 bibisset,
896 2055 1000 2127 posset
1037 2051 1145 2110 unsri

392 2152 429 2201 ex
452 2151 488 2193 eo
512 2136 716 2214 experimento
744 2134 855 2197 factum
878 2143 925 2196 est
945 2135 1046 2217 palam
1068 2137 1145 2201 banc

277 2232 364 2299 tuos.
391 2224 544 2303 potionem
557 2241 623 2285 esse
638 2223 881 2285 efficacissimam.
908 2225 935 2285 si
948 2233 1052 2289 autem
1064 2245 1144 2289 mor·
1156 2254 1180 2295 o

392 2329 460 2373 sum
485 2310 595 2392 aspidis
618 2319 741 2374 secutus
764 2320 810 2373 est
832 2314 968 2395 sanguis,
1000 2315 1085 2382 nullu
1107 2316 1144 2377 de

392 2419 428 2462 eo
452 2401 504 2481 qui
525 2418 688 2480 percussus
711 2408 758 2462 est
781 2419 849 2480 spes
873 2411 1020 2482 superest.

197 2650 212 2700 i
236 2642 372 2714 pastellos
396 2644 468 2714 pdr.
494 2645 500 2714 Ι
528 2641 660 2714 ponderis
687 2645 759 2714 prb:
785 2642 895 2714 pondus
918 2643 971 2713 oi!
997 2642 1144 2704 venusti

146 2716 173 2773 d.
194 2719 334 2788 {resopt
360 2731 428 2772 vose
450 2715 500 2770 db.
555 2713 665 2771 evenit
680 2729 711 2785 p:
733 2713 904 2771 veneritdb.
929 2715 934 2784 Ι
957 2716 1078 2786 pastelli
1094 2719 1142 2789 qd.

123 2732 213 2858 fvino
235 2788 290 2855 ud:
318 2786 378 2842 vini
399 2786 436 2841 rb
451 2785 530 2856 (Pi).
590 2792 606 2841 o
625 2783 709 2841 diem.
728 2806 754 2842 v.
777 2786 804 2841 d.
864 2785 1142 2860 ‘isordes-plsgue

122 2873 175 2913 om.
203 2857 230 2912 d.
293 2863 310 2912 8
336 2856 496 2912 illiniuntur
521 2857 546 2913 b.
609 2862 643 2913 10
670 2856 814 2912 habebant
834 2858 907 2928 prb:
934 2856 1075 2917 babentes
1093 2861 1138 2929 di

123 2927 244 2998 prioresr
263 2927 351 2983 Varro
372 2928 418 2983 Pl.
465 2927 610 2983 trinita
626 2944 731 2998 paucos
749 2944 836 2984 enno·
851 2953 885 2974 ε-
898 2945 989 3001 nuper
1009 2930 1089 2986 Ptin.

125 2997 342 3068 lbquiesoondi
354 2999 381 3056 d.
416 3005 466 3065 ¹18
484 3000 580 3069 posset
597 2999 669 3055 dub:
687 2999 782 3082 possit·
792 3015 819 3072 9.
866 3005 899 3055 19
917 2999 1141 3072 pulum-isotum

123 3069 224 3198 rud
242 3075 294 3198 ἐξ
303 3068 356 3197 ἐξ·
374 3070 624 3212 disderii?
633 3070 855 3213 meu.
872 3074 876 3143 ¹
893 3074 1022 3142 ”pm
1037 3074 1140 3144 ⁹⁶¹⁶''²

472 3393 792 3405 Μ
