<?xml version="1.0" encoding="UTF-8"?>
<!DOCTYPE html PUBLIC "-//W3C//DTD XHTML 1.0 Transitional//EN"
    "http://www.w3.org/TR/xhtml1/DTD/xhtml1-transitional.dtd">
<html xmlns="http://www.w3.org/1999/xhtml" xml:lang="en" lang="en">
 <head>
  <title>
</title>
<meta http-equiv="Content-Type" content="text/html;charset=utf-8" />
  <meta name='ocr-system' content='tesseract 3.04.00' />
  <meta name='ocr-capabilities' content='ocr_page ocr_carea ocr_par ocr_line ocrx_word'/>
</head>
<body>
  <div class='ocr_page' id='page_1' title='image "./pliniisecundiqu00plingoog_0066.png"; bbox 0 0 2416 3802; ppageno 0'>
   <div class='ocr_carea' id='block_1_1' title="bbox 467 128 686 193">
    <p class='ocr_par' dir='ltr' id='par_1_1' title="bbox 467 128 686 193">
     <span class='ocr_line' id='line_1_1' title="bbox 467 128 686 193; baseline 0.005 -20"><span class='ocrx_word' id='word_1_1' title='bbox 467 128 686 193; x_wconf 59' lang='grc'><strong>-59-</strong></span> 
     </span>
    </p>
   </div>
   <div class='ocr_carea' id='block_1_2' title="bbox 66 290 905 550">
    <p class='ocr_par' dir='ltr' id='par_1_2' title="bbox 66 290 905 550">
     <span class='ocr_line' id='line_1_2' title="bbox 68 290 905 371; baseline -0.001 -17"><span class='ocrx_word' id='word_1_2' title='bbox 68 291 242 354; x_wconf 73' lang='lat' dir='ltr'>concliorum</span> <span class='ocrx_word' id='word_1_3' title='bbox 269 295 422 354; x_wconf 80' lang='lat' dir='ltr'>curatione</span> <span class='ocrx_word' id='word_1_4' title='bbox 450 290 615 353; x_wconf 86' lang='lat' dir='ltr'>subiectam</span> <span class='ocrx_word' id='word_1_5' title='bbox 637 293 729 371; x_wconf 90' lang='lat' dir='ltr'>operi.</span> <span class='ocrx_word' id='word_1_6' title='bbox 766 292 816 353; x_wconf 90' lang='lat' dir='ltr'>be·</span> <span class='ocrx_word' id='word_1_7' title='bbox 889 296 905 332; x_wconf 81' lang='grc'>*</span> 
     </span>
     <span class='ocr_line' id='line_1_3' title="bbox 68 380 815 460; baseline -0.001 -18"><span class='ocrx_word' id='word_1_8' title='bbox 68 381 159 442; x_wconf 88' lang='lat' dir='ltr'>derae</span> <span class='ocrx_word' id='word_1_9' title='bbox 183 388 214 442; x_wconf 86' lang='lat' dir='ltr'>et</span> <span class='ocrx_word' id='word_1_10' title='bbox 236 380 354 460; x_wconf 86' lang='lat' dir='ltr'>gladioli</span> <span class='ocrx_word' id='word_1_11' title='bbox 377 400 468 443; x_wconf 89' lang='lat' dir='ltr'>sucus</span> <span class='ocrx_word' id='word_1_12' title='bbox 495 383 560 459; x_wconf 88' lang='lat' dir='ltr'>pari</span> <span class='ocrx_word' id='word_1_13' title='bbox 583 399 723 443; x_wconf 88' lang='lat' dir='ltr'>mensura</span> <span class='ocrx_word' id='word_1_14' title='bbox 746 398 815 442; x_wconf 89' lang='lat' dir='ltr'>cnm</span> 
     </span>
     <span class='ocr_line' id='line_1_4' title="bbox 66 469 565 550; baseline -0.002 -19"><span class='ocrx_word' id='word_1_15' title='bbox 66 487 157 549; x_wconf 89' lang='lat' dir='ltr'>passo</span> <span class='ocrx_word' id='word_1_16' title='bbox 180 469 340 532; x_wconf 78' lang='lat' dir='ltr'>calefactus</span> <span class='ocrx_word' id='word_1_17' title='bbox 362 472 447 550; x_wconf 88' lang='lat' dir='ltr'>potui</span> <span class='ocrx_word' id='word_1_18' title='bbox 470 471 565 531; x_wconf 89' lang='lat' dir='ltr'>datur.</span> 
     </span>
    </p>
   </div>
   <div class='ocr_carea' id='block_1_3' title="bbox 134 651 515 721">
    <p class='ocr_par' dir='ltr' id='par_1_3' title="bbox 134 651 515 721">
     <span class='ocr_line' id='line_1_5' title="bbox 134 651 515 721; baseline 0.003 -13"><span class='ocrx_word' id='word_1_19' title='bbox 134 652 226 708; x_wconf 70' lang='lat' dir='ltr'>xvi„</span> <span class='ocrx_word' id='word_1_20' title='bbox 250 651 515 721; x_wconf 72' lang='lat' dir='ltr'><strong>condylomatis.</strong></span> 
     </span>
    </p>
   </div>
   <div class='ocr_carea' id='block_1_4' title="bbox 38 749 944 921">
    <p class='ocr_par' dir='ltr' id='par_1_4' title="bbox 38 749 944 921">
     <span class='ocr_line' id='line_1_6' title="bbox 134 749 944 833; baseline -0.002 -21"><span class='ocrx_word' id='word_1_21' title='bbox 134 749 241 812; x_wconf 87' lang='lat' dir='ltr'>Oleum</span> <span class='ocrx_word' id='word_1_22' title='bbox 259 761 345 814; x_wconf 83' lang='lat' dir='ltr'>vetus</span> <span class='ocrx_word' id='word_1_23' title='bbox 362 755 461 833; x_wconf 83' lang='lat' dir='ltr'>picem</span> <span class='ocrx_word' id='word_1_24' title='bbox 481 752 622 833; x_wconf 85' lang='lat' dir='ltr'>pollinem</span> <span class='ocrx_word' id='word_1_25' title='bbox 644 753 811 832; x_wconf 85' lang='lat' dir='ltr'>decoquere</span> <span class='ocrx_word' id='word_1_26' title='bbox 840 763 944 825; x_wconf 62' lang='lat' dir='ltr'>salat.</span> 
     </span>
     <span class='ocr_line' id='line_1_7' title="bbox 38 841 813 921; baseline 0.005 -24"><span class='ocrx_word' id='word_1_27' title='bbox 38 846 187 919; x_wconf 79' lang='lat' dir='ltr'>soportet</span> <span class='ocrx_word' id='word_1_28' title='bbox 220 848 252 901; x_wconf 88' lang='lat' dir='ltr'>et</span> <span class='ocrx_word' id='word_1_29' title='bbox 287 859 376 920; x_wconf 77' lang='lat' dir='ltr'>goram</span> <span class='ocrx_word' id='word_1_30' title='bbox 408 841 621 903; x_wconf 90' lang='lat' dir='ltr'>calidissimum</span> <span class='ocrx_word' id='word_1_31' title='bbox 651 844 813 921; x_wconf 88' lang='lat' dir='ltr'>imponere.</span> 
     </span>
    </p>
   </div>
   <div class='ocr_carea' id='block_1_5' title="bbox 11 975 1081 1190">
    <p class='ocr_par' dir='ltr' id='par_1_5' title="bbox 11 975 1081 1190">
     <span class='ocr_line' id='line_1_8' title="bbox 11 975 1081 1046; baseline -0.001 -18"><span class='ocrx_word' id='word_1_32' title='bbox 11 1028 16 1037; x_wconf 80' lang='grc'><strong>,</strong></span> <span class='ocrx_word' id='word_1_33' title='bbox 141 975 361 1032; x_wconf 82' lang='lat' dir='ltr'>lsubiectcm:</span> <span class='ocrx_word' id='word_1_34' title='bbox 395 978 429 1045; x_wconf 74' lang='lat' dir='ltr'>cf.</span> <span class='ocrx_word' id='word_1_35' title='bbox 448 994 543 1046; x_wconf 77' lang='lat' dir='ltr'>sopra.</span> <span class='ocrx_word' id='word_1_36' title='bbox 567 994 589 1032; x_wconf 87' lang='lat' dir='ltr'>c.</span> <span class='ocrx_word' id='word_1_37' title='bbox 609 984 633 1033; x_wconf 84' lang='lat'>4.</span> <span class='ocrx_word' id='word_1_38' title='bbox 701 977 744 1031; x_wconf 81' lang='lat' dir='ltr'>tit.</span> <span class='ocrx_word' id='word_1_39' title='bbox 767 995 836 1030; x_wconf 81' lang='lat' dir='ltr'>xvm</span> <span class='ocrx_word' id='word_1_40' title='bbox 869 975 918 1043; x_wconf 81' lang='lat' dir='ltr'>(sio</span> <span class='ocrx_word' id='word_1_41' title='bbox 941 989 995 1044; x_wconf 81' lang='lat' dir='ltr'>pro</span> <span class='ocrx_word' id='word_1_42' title='bbox 1023 976 1081 1041; x_wconf 67' lang='lat' dir='ltr'>xer)</span> 
     </span>
     <span class='ocr_line' id='line_1_9' title="bbox 56 1043 1080 1119; baseline -0.003 -20"><span class='ocrx_word' id='word_1_43' title='bbox 56 1044 270 1102; x_wconf 76' lang='lat' dir='ltr'>condssomaeis</span> <span class='ocrx_word' id='word_1_44' title='bbox 289 1047 418 1104; x_wconf 76' lang='lat' dir='ltr'>collectio</span> <span class='ocrx_word' id='word_1_45' title='bbox 435 1047 580 1119; x_wconf 74' lang='lat' dir='ltr'>sanguinis</span> <span class='ocrx_word' id='word_1_46' title='bbox 597 1065 623 1118; x_wconf 76' lang='lat' dir='ltr'>p,</span> <span class='ocrx_word' id='word_1_47' title='bbox 642 1048 686 1102; x_wconf 87' lang='lat' dir='ltr'>Ad</span> <span class='ocrx_word' id='word_1_48' title='bbox 701 1046 891 1102; x_wconf 79' lang='lat' dir='ltr'>condilomate</span> <span class='ocrx_word' id='word_1_49' title='bbox 899 1047 925 1100; x_wconf 82' lang='lat' dir='ltr'>d.</span> <span class='ocrx_word' id='word_1_50' title='bbox 990 1043 1080 1114; x_wconf 68' lang='lat' dir='ltr'>cpol-</span> 
     </span>
     <span class='ocr_line' id='line_1_10' title="bbox 64 1116 693 1190; baseline 0.005 -20"><span class='ocrx_word' id='word_1_51' title='bbox 64 1116 174 1172; x_wconf 89' lang='lat' dir='ltr'>lionem</span> <span class='ocrx_word' id='word_1_52' title='bbox 186 1134 213 1188; x_wconf 80' lang='lat' dir='ltr'>g.</span> <span class='ocrx_word' id='word_1_53' title='bbox 267 1123 283 1171; x_wconf 80' lang='lat'>5</span> <span class='ocrx_word' id='word_1_54' title='bbox 298 1118 441 1189; x_wconf 86' lang='lat' dir='ltr'>imponere</span> <span class='ocrx_word' id='word_1_55' title='bbox 454 1119 528 1190; x_wconf 77' lang='lat' dir='ltr'>prb:</span> <span class='ocrx_word' id='word_1_56' title='bbox 548 1135 653 1188; x_wconf 87' lang='lat' dir='ltr'>ponere</span> <span class='ocrx_word' id='word_1_57' title='bbox 666 1120 693 1173; x_wconf 83' lang='lat' dir='ltr'>d.</span> 
     </span>
    </p>
   </div>
   <div class='ocr_carea' id='block_1_6' title="bbox 134 1347 493 1433">
    <p class='ocr_par' dir='ltr' id='par_1_6' title="bbox 134 1347 493 1433">
     <span class='ocr_line' id='line_1_11' title="bbox 134 1347 493 1433; baseline 0 -17"><span class='ocrx_word' id='word_1_58' title='bbox 134 1347 229 1431; x_wconf 73' lang='lat' dir='ltr'>(XV.</span> <span class='ocrx_word' id='word_1_59' title='bbox 252 1357 349 1416; x_wconf 77' lang='lat' dir='ltr'>sedis</span> <span class='ocrx_word' id='word_1_60' title='bbox 370 1350 493 1433; x_wconf 70' lang='lat' dir='ltr'>vitm&gt;</span> 
     </span>
    </p>
   </div>
   <div class='ocr_carea' id='block_1_7' title="bbox 128 1661 391 1737">
    <p class='ocr_par' dir='ltr' id='par_1_7' title="bbox 128 1661 391 1737">
     <span class='ocr_line' id='line_1_12' title="bbox 128 1661 391 1737; baseline 0.011 -19"><span class='ocrx_word' id='word_1_61' title='bbox 128 1661 226 1731; x_wconf 72' lang='lat'>&lt;0011</span> <span class='ocrx_word' id='word_1_62' title='bbox 248 1665 391 1737; x_wconf 81' lang='lat' dir='ltr'>dolori.)</span> 
     </span>
    </p>
   </div>
   <div class='ocr_carea' id='block_1_8' title="bbox 65 1753 1078 1920">
    <p class='ocr_par' dir='ltr' id='par_1_8' title="bbox 65 1753 1078 1920">
     <span class='ocr_line' id='line_1_13' title="bbox 132 1753 925 1835; baseline -0.001 -21"><span class='ocrx_word' id='word_1_63' title='bbox 132 1753 214 1835; x_wconf 82' lang='lat' dir='ltr'>[Colo</span> <span class='ocrx_word' id='word_1_64' title='bbox 241 1768 269 1817; x_wconf 86' lang='lat' dir='ltr'>et</span> <span class='ocrx_word' id='word_1_65' title='bbox 296 1761 421 1818; x_wconf 90' lang='lat' dir='ltr'>omnibus</span> <span class='ocrx_word' id='word_1_66' title='bbox 450 1763 642 1819; x_wconf 88' lang='lat' dir='ltr'>intestinorum</span> <span class='ocrx_word' id='word_1_67' title='bbox 672 1760 812 1823; x_wconf 91' lang='lat' dir='ltr'>doloribus</span> <span class='ocrx_word' id='word_1_68' title='bbox 849 1765 925 1827; x_wconf 71' lang='lat' dir='ltr'>tuta</span> 
     </span>
     <span class='ocr_line' id='line_1_14' title="bbox 65 1835 1078 1920; baseline 0.001 -21"><span class='ocrx_word' id='word_1_69' title='bbox 65 1885 73 1900; x_wconf 90' lang='lat'><em>.</em></span> <span class='ocrx_word' id='word_1_70' title='bbox 98 1886 105 1900; x_wconf 91' lang='lat'><strong><em>.</em></strong></span> <span class='ocrx_word' id='word_1_71' title='bbox 132 1885 140 1900; x_wconf 83' lang='lat'><strong>.</strong></span> <span class='ocrx_word' id='word_1_72' title='bbox 164 1842 349 1902; x_wconf 82' lang='lat' dir='ltr'>efficacissime</span> <span class='ocrx_word' id='word_1_73' title='bbox 371 1845 495 1904; x_wconf 79' lang='lat' dir='ltr'>subvenit</span> <span class='ocrx_word' id='word_1_74' title='bbox 517 1847 572 1902; x_wconf 87' lang='lat' dir='ltr'>avis</span> <span class='ocrx_word' id='word_1_75' title='bbox 602 1846 717 1920; x_wconf 75' lang='lat' dir='ltr'>galerita</span> <span class='ocrx_word' id='word_1_76' title='bbox 742 1888 748 1901; x_wconf 92' lang='lat'>.</span> <span class='ocrx_word' id='word_1_77' title='bbox 775 1887 782 1901; x_wconf 92' lang='lat'><strong>.</strong></span> <span class='ocrx_word' id='word_1_78' title='bbox 806 1888 814 1903; x_wconf 86' lang='lat'><strong>.</strong></span> <span class='ocrx_word' id='word_1_79' title='bbox 850 1835 1078 1903; x_wconf 68' lang='lat' dir='ltr'>(scarapsus).</span> 
     </span>
    </p>
   </div>
   <div class='ocr_carea' id='block_1_9' title="bbox 20 1923 1020 3184">
    <p class='ocr_par' dir='ltr' id='par_1_9' title="bbox 24 1923 814 2003">
     <span class='ocr_line' id='line_1_15' title="bbox 24 1923 814 2003; baseline 0.001 -20"><span class='ocrx_word' id='word_1_80' title='bbox 24 1950 51 1991; x_wconf 78' lang='grc' dir='ltr'>ιο</span> <span class='ocrx_word' id='word_1_81' title='bbox 64 1929 123 1984; x_wconf 84' lang='lat' dir='ltr'>siva</span> <span class='ocrx_word' id='word_1_82' title='bbox 139 1923 199 2001; x_wconf 87' lang='lat' dir='ltr'>ipsa</span> <span class='ocrx_word' id='word_1_83' title='bbox 213 1937 302 1986; x_wconf 84' lang='lat' dir='ltr'>assata</span> <span class='ocrx_word' id='word_1_84' title='bbox 322 1932 351 1987; x_wconf 92' lang='lat' dir='ltr'>in</span> <span class='ocrx_word' id='word_1_85' title='bbox 368 1929 428 1988; x_wconf 90' lang='lat' dir='ltr'>cibo</span> <span class='ocrx_word' id='word_1_86' title='bbox 444 1938 582 2003; x_wconf 86' lang='lat' dir='ltr'>sumatur,</span> <span class='ocrx_word' id='word_1_87' title='bbox 606 1931 662 1986; x_wconf 84' lang='lat' dir='ltr'>sire</span> <span class='ocrx_word' id='word_1_88' title='bbox 678 1945 739 1986; x_wconf 92' lang='lat' dir='ltr'>cum</span> <span class='ocrx_word' id='word_1_89' title='bbox 754 1928 814 2002; x_wconf 92' lang='lat' dir='ltr'>plu·</span> 
     </span>
    </p>

    <p class='ocr_par' dir='ltr' id='par_1_10' title="bbox 65 2012 814 2088">
     <span class='ocr_line' id='line_1_16' title="bbox 65 2012 814 2088; baseline 0.003 -22"><span class='ocrx_word' id='word_1_90' title='bbox 65 2013 119 2067; x_wconf 89' lang='lat' dir='ltr'>mis</span> <span class='ocrx_word' id='word_1_91' title='bbox 134 2013 192 2068; x_wconf 87' lang='lat' dir='ltr'>suis</span> <span class='ocrx_word' id='word_1_92' title='bbox 206 2012 348 2070; x_wconf 85' lang='lat' dir='ltr'>combusta</span> <span class='ocrx_word' id='word_1_93' title='bbox 370 2013 511 2088; x_wconf 77' lang='lat' dir='ltr'>redigatur</span> <span class='ocrx_word' id='word_1_94' title='bbox 532 2015 707 2086; x_wconf 79' lang='lat' dir='ltr'>induerem,</span> <span class='ocrx_word' id='word_1_95' title='bbox 733 2021 814 2087; x_wconf 86' lang='lat' dir='ltr'>atque</span> 
     </span>
    </p>

    <p class='ocr_par' dir='ltr' id='par_1_11' title="bbox 65 2096 815 2173">
     <span class='ocr_line' id='line_1_17' title="bbox 65 2096 815 2173; baseline 0.001 -22"><span class='ocrx_word' id='word_1_96' title='bbox 65 2112 100 2152; x_wconf 85' lang='lat' dir='ltr'>ex</span> <span class='ocrx_word' id='word_1_97' title='bbox 128 2112 163 2152; x_wconf 90' lang='lat' dir='ltr'>eo</span> <span class='ocrx_word' id='word_1_98' title='bbox 191 2096 400 2173; x_wconf 78' lang='lat' dir='ltr'>diligentissime</span> <span class='ocrx_word' id='word_1_99' title='bbox 427 2101 492 2156; x_wconf 88' lang='lat' dir='ltr'>trito</span> <span class='ocrx_word' id='word_1_100' title='bbox 524 2107 598 2156; x_wconf 88' lang='lat' dir='ltr'>terna</span> <span class='ocrx_word' id='word_1_101' title='bbox 627 2099 757 2155; x_wconf 87' lang='lat' dir='ltr'>coclearia</span> <span class='ocrx_word' id='word_1_102' title='bbox 783 2113 815 2153; x_wconf 83' lang='lat' dir='ltr'>ex</span> 
     </span>
    </p>

    <p class='ocr_par' dir='ltr' id='par_1_12' title="bbox 64 2180 936 2258">
     <span class='ocr_line' id='line_1_18' title="bbox 64 2180 936 2258; baseline -0.002 -22"><span class='ocrx_word' id='word_1_103' title='bbox 64 2197 136 2254; x_wconf 88' lang='lat' dir='ltr'>aqua</span> <span class='ocrx_word' id='word_1_104' title='bbox 159 2180 242 2237; x_wconf 87' lang='lat' dir='ltr'>calida</span> <span class='ocrx_word' id='word_1_105' title='bbox 260 2184 339 2256; x_wconf 90' lang='lat' dir='ltr'>potui</span> <span class='ocrx_word' id='word_1_106' title='bbox 361 2200 410 2258; x_wconf 94' lang='lat' dir='ltr'>per</span> <span class='ocrx_word' id='word_1_107' title='bbox 432 2184 553 2241; x_wconf 89' lang='lat' dir='ltr'>triduum</span> <span class='ocrx_word' id='word_1_108' title='bbox 574 2183 682 2240; x_wconf 91' lang='lat' dir='ltr'>dentur.</span> <span class='ocrx_word' id='word_1_109' title='bbox 706 2183 815 2238; x_wconf 90' lang='lat' dir='ltr'>unicum</span> <span class='ocrx_word' id='word_1_110' title='bbox 851 2186 936 2251; x_wconf 82' lang='lat'>30,63.</span> 
     </span>
    </p>

    <p class='ocr_par' dir='ltr' id='par_1_13' title="bbox 23 2255 1020 2424">
     <span class='ocr_line' id='line_1_19' title="bbox 65 2255 1020 2342; baseline 0 -22"><span class='ocrx_word' id='word_1_111' title='bbox 65 2272 110 2321; x_wconf 86' lang='lat' dir='ltr'>est</span> <span class='ocrx_word' id='word_1_112' title='bbox 136 2265 294 2323; x_wconf 86' lang='lat' dir='ltr'>intestinum</span> <span class='ocrx_word' id='word_1_113' title='bbox 315 2267 444 2342; x_wconf 81' lang='lat' dir='ltr'>ossifragi</span> <span class='ocrx_word' id='word_1_114' title='bbox 471 2269 553 2324; x_wconf 89' lang='lat' dir='ltr'>mirae</span> <span class='ocrx_word' id='word_1_115' title='bbox 579 2275 708 2339; x_wconf 84' lang='lat' dir='ltr'>naturae,</span> <span class='ocrx_word' id='word_1_116' title='bbox 741 2265 814 2340; x_wconf 90' lang='lat' dir='ltr'>quod</span> <span class='ocrx_word' id='word_1_117' title='bbox 852 2257 954 2325; x_wconf 61' lang='lat' dir='ltr'>(Mm-</span> <span class='ocrx_word' id='word_1_118' title='bbox 975 2255 1020 2320; x_wconf 78' lang='lat' dir='ltr'>ib·)</span> 
     </span>
     <span class='ocr_line' id='line_1_20' title="bbox 23 2349 996 2424; baseline 0.004 -22"><span class='ocrx_word' id='word_1_119' title='bbox 23 2373 51 2414; x_wconf 79' lang='lat'>16</span> <span class='ocrx_word' id='word_1_120' title='bbox 67 2350 158 2404; x_wconf 89' lang='lat' dir='ltr'>omnia</span> <span class='ocrx_word' id='word_1_121' title='bbox 185 2349 314 2408; x_wconf 87' lang='lat' dir='ltr'>devorata</span> <span class='ocrx_word' id='word_1_122' title='bbox 336 2352 463 2408; x_wconf 86' lang='lat' dir='ltr'>citissime</span> <span class='ocrx_word' id='word_1_123' title='bbox 486 2350 604 2408; x_wconf 82' lang='lat' dir='ltr'>coniicit.</span> <span class='ocrx_word' id='word_1_124' title='bbox 644 2352 725 2409; x_wconf 91' lang='lat' dir='ltr'>buius</span> <span class='ocrx_word' id='word_1_125' title='bbox 752 2367 814 2424; x_wconf 91' lang='lat' dir='ltr'>pars</span> <span class='ocrx_word' id='word_1_126' title='bbox 992 2363 996 2366; x_wconf 83' lang='lat'>·</span> 
     </span>
    </p>

    <p class='ocr_par' dir='ltr' id='par_1_14' title="bbox 65 2433 814 2510">
     <span class='ocr_line' id='line_1_21' title="bbox 65 2433 814 2510; baseline 0.003 -22"><span class='ocrx_word' id='word_1_127' title='bbox 65 2440 188 2489; x_wconf 85' lang='lat' dir='ltr'>extrema</span> <span class='ocrx_word' id='word_1_128' title='bbox 210 2433 350 2508; x_wconf 86' lang='lat' dir='ltr'>colligitur</span> <span class='ocrx_word' id='word_1_129' title='bbox 372 2444 400 2492; x_wconf 89' lang='lat' dir='ltr'>et</span> <span class='ocrx_word' id='word_1_130' title='bbox 421 2437 580 2510; x_wconf 88' lang='lat' dir='ltr'>reponitur,</span> <span class='ocrx_word' id='word_1_131' title='bbox 607 2443 634 2493; x_wconf 93' lang='lat' dir='ltr'>et</span> <span class='ocrx_word' id='word_1_132' title='bbox 660 2452 722 2492; x_wconf 90' lang='lat' dir='ltr'>curn</span> <span class='ocrx_word' id='word_1_133' title='bbox 745 2450 814 2510; x_wconf 93' lang='lat' dir='ltr'>opus</span> 
     </span>
    </p>

    <p class='ocr_par' dir='ltr' id='par_1_15' title="bbox 64 2515 813 2594">
     <span class='ocr_line' id='line_1_22' title="bbox 64 2515 813 2594; baseline 0.005 -23"><span class='ocrx_word' id='word_1_134' title='bbox 64 2515 150 2572; x_wconf 80' lang='lat' dir='ltr'>inerit</span> <span class='ocrx_word' id='word_1_135' title='bbox 164 2519 252 2574; x_wconf 87' lang='lat' dir='ltr'>ventri</span> <span class='ocrx_word' id='word_1_136' title='bbox 267 2519 416 2576; x_wconf 91' lang='lat' dir='ltr'>laborantis</span> <span class='ocrx_word' id='word_1_137' title='bbox 437 2520 579 2594; x_wconf 87' lang='lat' dir='ltr'>alligatur:</span> <span class='ocrx_word' id='word_1_138' title='bbox 602 2518 722 2576; x_wconf 88' lang='lat' dir='ltr'>remedio</span> <span class='ocrx_word' id='word_1_139' title='bbox 744 2521 813 2575; x_wconf 90' lang='lat' dir='ltr'>miro</span> 
     </span>
    </p>

    <p class='ocr_par' dir='ltr' id='par_1_16' title="bbox 66 2601 812 2661">
     <span class='ocr_line' id='line_1_23' title="bbox 66 2601 812 2661; baseline 0.001 -4"><span class='ocrx_word' id='word_1_140' title='bbox 66 2617 163 2657; x_wconf 88' lang='lat' dir='ltr'>omnes</span> <span class='ocrx_word' id='word_1_141' title='bbox 196 2601 390 2660; x_wconf 84' lang='lat' dir='ltr'>intestinorum</span> <span class='ocrx_word' id='word_1_142' title='bbox 422 2604 532 2661; x_wconf 89' lang='lat' dir='ltr'>dolores</span> <span class='ocrx_word' id='word_1_143' title='bbox 566 2606 695 2661; x_wconf 86' lang='lat' dir='ltr'>citissime</span> <span class='ocrx_word' id='word_1_144' title='bbox 725 2602 812 2660; x_wconf 87' lang='lat' dir='ltr'>sedat.</span> 
     </span>
    </p>

    <p class='ocr_par' dir='ltr' id='par_1_17' title="bbox 20 2683 951 2848">
     <span class='ocr_line' id='line_1_24' title="bbox 63 2683 951 2760; baseline -0.002 -20"><span class='ocrx_word' id='word_1_145' title='bbox 63 2683 124 2760; x_wconf 91' lang='lat' dir='ltr'>lupi</span> <span class='ocrx_word' id='word_1_146' title='bbox 145 2693 252 2744; x_wconf 84' lang='lat' dir='ltr'>stercus</span> <span class='ocrx_word' id='word_1_147' title='bbox 274 2687 420 2745; x_wconf 89' lang='lat' dir='ltr'>dummodo</span> <span class='ocrx_word' id='word_1_148' title='bbox 443 2705 499 2745; x_wconf 91' lang='lat' dir='ltr'>non</span> <span class='ocrx_word' id='word_1_149' title='bbox 527 2690 554 2744; x_wconf 89' lang='lat' dir='ltr'>in</span> <span class='ocrx_word' id='word_1_150' title='bbox 576 2697 649 2745; x_wconf 87' lang='lat' dir='ltr'>terra</span> <span class='ocrx_word' id='word_1_151' title='bbox 676 2689 814 2745; x_wconf 88' lang='lat' dir='ltr'>inventum</span> <span class='ocrx_word' id='word_1_152' title='bbox 850 2689 951 2754; x_wconf 63' lang='lat' dir='ltr'>mil.</span> 
     </span>
     <span class='ocr_line' id='line_1_25' title="bbox 20 2770 815 2848; baseline 0.003 -23"><span class='ocrx_word' id='word_1_153' title='bbox 20 2779 73 2824; x_wconf 64' lang='grc' dir='ltr'>ω.</span> <span class='ocrx_word' id='word_1_154' title='bbox 98 2812 105 2826; x_wconf 96' lang='grc'><strong>.</strong></span> <span class='ocrx_word' id='word_1_155' title='bbox 131 2811 138 2825; x_wconf 91' lang='grc'><strong>.</strong></span> <span class='ocrx_word' id='word_1_156' title='bbox 168 2770 281 2845; x_wconf 88' lang='lat' dir='ltr'>colliges</span> <span class='ocrx_word' id='word_1_157' title='bbox 304 2781 332 2829; x_wconf 87' lang='lat' dir='ltr'>et</span> <span class='ocrx_word' id='word_1_158' title='bbox 354 2773 472 2830; x_wconf 87' lang='lat' dir='ltr'>servabis</span> <span class='ocrx_word' id='word_1_159' title='bbox 495 2781 523 2829; x_wconf 86' lang='lat' dir='ltr'>et</span> <span class='ocrx_word' id='word_1_160' title='bbox 550 2790 612 2830; x_wconf 88' lang='lat' dir='ltr'>curn</span> <span class='ocrx_word' id='word_1_161' title='bbox 634 2790 704 2848; x_wconf 89' lang='lat' dir='ltr'>opus</span> <span class='ocrx_word' id='word_1_162' title='bbox 731 2772 815 2828; x_wconf 81' lang='lat' dir='ltr'>inerit</span> 
     </span>
    </p>

    <p class='ocr_par' dir='ltr' id='par_1_18' title="bbox 63 2851 814 2934">
     <span class='ocr_line' id='line_1_26' title="bbox 63 2851 814 2934; baseline 0.005 -25"><span class='ocrx_word' id='word_1_163' title='bbox 63 2852 199 2910; x_wconf 83' lang='lat' dir='ltr'>laboranti</span> <span class='ocrx_word' id='word_1_164' title='bbox 212 2857 299 2914; x_wconf 90' lang='lat' dir='ltr'>colico</span> <span class='ocrx_word' id='word_1_165' title='bbox 311 2856 435 2932; x_wconf 87' lang='lat' dir='ltr'>alligabis</span> <span class='ocrx_word' id='word_1_166' title='bbox 447 2856 480 2913; x_wconf 89' lang='lat' dir='ltr'>ad</span> <span class='ocrx_word' id='word_1_167' title='bbox 491 2856 630 2914; x_wconf 89' lang='lat' dir='ltr'>brachium</span> <span class='ocrx_word' id='word_1_168' title='bbox 643 2899 650 2915; x_wconf 89' lang='lat'><strong>.</strong></span> <span class='ocrx_word' id='word_1_169' title='bbox 665 2900 672 2914; x_wconf 92' lang='lat'><strong><em>.</em></strong></span> <span class='ocrx_word' id='word_1_170' title='bbox 686 2900 693 2914; x_wconf 93' lang='lat'><strong>.</strong></span> <span class='ocrx_word' id='word_1_171' title='bbox 707 2851 727 2934; x_wconf 90' lang='lat'>.]</span> <span class='ocrx_word' id='word_1_172' title='bbox 743 2899 750 2914; x_wconf 91' lang='lat'><strong>.</strong></span> <span class='ocrx_word' id='word_1_173' title='bbox 764 2899 771 2914; x_wconf 91' lang='lat'><strong>.</strong></span> <span class='ocrx_word' id='word_1_174' title='bbox 785 2897 793 2913; x_wconf 90' lang='lat'><strong>.</strong></span> <span class='ocrx_word' id='word_1_175' title='bbox 807 2898 814 2913; x_wconf 88' lang='lat'>.</span> 
     </span>
    </p>

    <p class='ocr_par' dir='ltr' id='par_1_19' title="bbox 65 2937 935 3016">
     <span class='ocr_line' id='line_1_27' title="bbox 65 2937 935 3016; baseline 0 -23"><span class='ocrx_word' id='word_1_176' title='bbox 65 2937 213 2995; x_wconf 82' lang='lat' dir='ltr'>defunctos</span> <span class='ocrx_word' id='word_1_177' title='bbox 225 2940 303 2997; x_wconf 91' lang='lat' dir='ltr'>obrui</span> <span class='ocrx_word' id='word_1_178' title='bbox 316 2950 435 3016; x_wconf 87' lang='lat' dir='ltr'>oportet.</span> <span class='ocrx_word' id='word_1_179' title='bbox 463 2942 665 3015; x_wconf 89' lang='lat' dir='ltr'>vespertilionis</span> <span class='ocrx_word' id='word_1_180' title='bbox 681 2942 814 3016; x_wconf 90' lang='lat' dir='ltr'>sauguine</span> <span class='ocrx_word' id='word_1_181' title='bbox 850 2944 935 3008; x_wconf 80' lang='grc'><strong>30,64.</strong></span> 
     </span>
    </p>

    <p class='ocr_par' dir='ltr' id='par_1_20' title="bbox 64 3027 951 3092">
     <span class='ocr_line' id='line_1_28' title="bbox 64 3027 951 3092; baseline -0.001 -14"><span class='ocrx_word' id='word_1_182' title='bbox 64 3063 234 3082; x_wconf 92' lang='grc'><strong>......</strong></span> <span class='ocrx_word' id='word_1_183' title='bbox 269 3042 370 3083; x_wconf 90' lang='lat' dir='ltr'>cornus</span> <span class='ocrx_word' id='word_1_184' title='bbox 392 3027 492 3083; x_wconf 90' lang='lat' dir='ltr'>cervini</span> <span class='ocrx_word' id='word_1_185' title='bbox 517 3066 524 3080; x_wconf 93' lang='lat'><strong>.</strong></span> <span class='ocrx_word' id='word_1_186' title='bbox 548 3070 555 3083; x_wconf 90' lang='lat'><strong>.</strong></span> <span class='ocrx_word' id='word_1_187' title='bbox 580 3072 589 3088; x_wconf 81' lang='grc'><strong>.</strong></span> <span class='ocrx_word' id='word_1_188' title='bbox 613 3069 620 3084; x_wconf 95' lang='grc'><strong>.</strong></span> <span class='ocrx_word' id='word_1_189' title='bbox 645 3069 652 3084; x_wconf 92' lang='grc'><strong>.</strong></span> <span class='ocrx_word' id='word_1_190' title='bbox 678 3067 686 3083; x_wconf 96' lang='grc'><strong>.</strong></span> <span class='ocrx_word' id='word_1_191' title='bbox 710 3070 717 3083; x_wconf 91' lang='grc'><strong>.</strong></span> <span class='ocrx_word' id='word_1_192' title='bbox 743 3072 750 3087; x_wconf 88' lang='grc'><strong>.</strong></span> <span class='ocrx_word' id='word_1_193' title='bbox 775 3068 782 3082; x_wconf 95' lang='grc'><strong>.</strong></span> <span class='ocrx_word' id='word_1_194' title='bbox 807 3067 814 3081; x_wconf 90' lang='grc'><strong>.</strong></span> <span class='ocrx_word' id='word_1_195' title='bbox 851 3029 951 3092; x_wconf 69' lang='lat' dir='ltr'>caan.</span> 
     </span>
    </p>

    <p class='ocr_par' dir='ltr' id='par_1_21' title="bbox 64 3105 909 3184">
     <span class='ocr_line' id='line_1_29' title="bbox 64 3105 909 3184; baseline 0.011 -22"><span class='ocrx_word' id='word_1_196' title='bbox 64 3105 131 3164; x_wconf 84' lang='lat' dir='ltr'>iacit</span> <span class='ocrx_word' id='word_1_197' title='bbox 153 3110 255 3180; x_wconf 87' lang='lat' dir='ltr'>optime</span> <span class='ocrx_word' id='word_1_198' title='bbox 276 3110 309 3167; x_wconf 89' lang='lat' dir='ltr'>ad</span> <span class='ocrx_word' id='word_1_199' title='bbox 330 3110 420 3167; x_wconf 92' lang='lat' dir='ltr'>colum</span> <span class='ocrx_word' id='word_1_200' title='bbox 443 3112 519 3184; x_wconf 93' lang='lat' dir='ltr'>potio</span> <span class='ocrx_word' id='word_1_201' title='bbox 550 3138 557 3170; x_wconf 72' lang='lat'>.&#39;</span> <span class='ocrx_word' id='word_1_202' title='bbox 580 3151 813 3170; x_wconf 88' lang='grc'><strong>........</strong></span> <span class='ocrx_word' id='word_1_203' title='bbox 893 3105 909 3138; x_wconf 82' lang='lat'><strong>*</strong></span> 
     </span>
    </p>
   </div>
   <div class='ocr_carea' id='block_1_10' title="bbox 62 3253 1082 3528">
    <p class='ocr_par' dir='ltr' id='par_1_22' title="bbox 62 3253 1082 3528">
     <span class='ocr_line' id='line_1_30' title="bbox 121 3253 1081 3332; baseline -0.001 -21"><span class='ocrx_word' id='word_1_204' title='bbox 121 3263 138 3311; x_wconf 88' lang='lat'><strong>8</strong></span> <span class='ocrx_word' id='word_1_205' title='bbox 152 3257 227 3313; x_wconf 80' lang='lat' dir='ltr'>Dedi</span> <span class='ocrx_word' id='word_1_206' title='bbox 242 3261 372 3317; x_wconf 77' lang='lat' dir='ltr'>Marcelli</span> <span class='ocrx_word' id='word_1_207' title='bbox 384 3261 474 3316; x_wconf 78' lang='lat' dir='ltr'>uerba.</span> <span class='ocrx_word' id='word_1_208' title='bbox 517 3266 550 3316; x_wconf 87' lang='lat'>19</span> <span class='ocrx_word' id='word_1_209' title='bbox 564 3262 630 3316; x_wconf 85' lang='lat' dir='ltr'>buce</span> <span class='ocrx_word' id='word_1_210' title='bbox 642 3262 684 3317; x_wconf 82' lang='lat' dir='ltr'>ita</span> <span class='ocrx_word' id='word_1_211' title='bbox 700 3261 745 3316; x_wconf 85' lang='lat' dir='ltr'>Pl.</span> <span class='ocrx_word' id='word_1_212' title='bbox 759 3277 830 3332; x_wconf 82' lang='lat' dir='ltr'>quoe</span> <span class='ocrx_word' id='word_1_213' title='bbox 848 3259 879 3314; x_wconf 90' lang='lat' dir='ltr'>in</span> <span class='ocrx_word' id='word_1_214' title='bbox 898 3253 1081 3316; x_wconf 84' lang='lat' dir='ltr'>excrementis</span> 
     </span>
     <span class='ocr_line' id='line_1_31' title="bbox 62 3326 1081 3402; baseline -0.001 -20"><span class='ocrx_word' id='word_1_215' title='bbox 62 3326 126 3397; x_wconf 90' lang='lat' dir='ltr'>lupi</span> <span class='ocrx_word' id='word_1_216' title='bbox 144 3327 266 3386; x_wconf 87' lang='lat' dir='ltr'>diximus</span> <span class='ocrx_word' id='word_1_217' title='bbox 284 3330 404 3388; x_wconf 87' lang='lat' dir='ltr'>inveniri</span> <span class='ocrx_word' id='word_1_218' title='bbox 422 3349 496 3402; x_wconf 84' lang='lat' dir='ltr'>ossa,</span> <span class='ocrx_word' id='word_1_219' title='bbox 520 3332 545 3388; x_wconf 91' lang='lat' dir='ltr'>si</span> <span class='ocrx_word' id='word_1_220' title='bbox 563 3334 668 3388; x_wconf 87' lang='lat' dir='ltr'>terram</span> <span class='ocrx_word' id='word_1_221' title='bbox 685 3349 741 3388; x_wconf 90' lang='lat' dir='ltr'>non</span> <span class='ocrx_word' id='word_1_222' title='bbox 760 3331 918 3402; x_wconf 75' lang='lat' dir='ltr'>attigerint,</span> <span class='ocrx_word' id='word_1_223' title='bbox 942 3329 1004 3384; x_wconf 92' lang='lat' dir='ltr'>colo</span> <span class='ocrx_word' id='word_1_224' title='bbox 1023 3342 1081 3382; x_wconf 89' lang='lat' dir='ltr'>me-</span> 
     </span>
     <span class='ocr_line' id='line_1_32' title="bbox 62 3398 1082 3528; baseline 0 -75"><span class='ocrx_word' id='word_1_225' title='bbox 62 3398 340 3528; x_wconf 36' lang='lat' dir='ltr'>lllltlrctoaeelnlligm</span> <span class='ocrx_word' id='word_1_226' title='bbox 357 3402 482 3459; x_wconf 86' lang='lat' dir='ltr'>brachio.</span> <span class='ocrx_word' id='word_1_227' title='bbox 510 3405 544 3470; x_wconf 82' lang='lat' dir='ltr'>cf.</span> <span class='ocrx_word' id='word_1_228' title='bbox 564 3421 634 3474; x_wconf 76' lang='lat' dir='ltr'>guae</span> <span class='ocrx_word' id='word_1_229' title='bbox 655 3404 696 3459; x_wconf 82' lang='lat' dir='ltr'>ibi</span> <span class='ocrx_word' id='word_1_230' title='bbox 718 3407 870 3472; x_wconf 70' lang='lat' dir='ltr'>scammum</span> <span class='ocrx_word' id='word_1_231' title='bbox 890 3399 1025 3469; x_wconf 66' lang='lat' dir='ltr'>facientia</span> <span class='ocrx_word' id='word_1_232' title='bbox 1043 3398 1082 3454; x_wconf 81' lang='lat' dir='ltr'>ad</span> 
     </span>
    </p>
   </div>
   <div class='ocr_carea' id='block_1_11' title="bbox 0 0 1212 3802">
    <p class='ocr_par' dir='ltr' id='par_1_23' title="bbox 0 0 1212 3802">
     <span class='ocr_line' id='line_1_33' title="bbox 0 0 1212 3802; baseline 0 2"><span class='ocrx_word' id='word_1_233' title='bbox 0 0 1212 3802; x_wconf 95' lang='lat' dir='ltr'> </span> 
     </span>
    </p>
   </div>
  </div>
 </body>
</html>
